wallet,name,uma_role,trade_timestamp_utc,side,outcome,size,price,notional_usd,trade_id,transaction_hash,is_cluster_member
0x4190bd2b3fb0e9143fb5a8e4df17f0121d8f369d,Comrade2,N/A,2026-06-18T00:32:22+00:00,BUY,No,1000.0,0.001,1.0,,0xf8c5781c60f6cdf0f866b55021b121346293f9ab4f805d2b77602324e1fd4c8d,False
0xb483d5718da4ac6f2aa39dc933f2043c5a3a0880,Jordannnnnnn,N/A,2026-06-18T00:32:19+00:00,SELL,Yes,32.25,0.999,32.21775,,0xfbf21d87216761e5423c068b00440f0a49175af72f3f344ca4a1b3249ee5d521,False
0x1987733c8beae675c544752eafe437968efe6487,jordan0073444,N/A,2026-06-18T00:32:19+00:00,SELL,Yes,32.61,0.999,32.57739,,0xc4cc7ca37e0cb36a60a0f0ef92b6a8197e48f43e97ceb86618cda968ca4c22b5,False
0x5a892cefe9c01ed049d8e5193136abaf5808c186,cestledeuxieme,N/A,2026-06-18T00:32:19+00:00,SELL,Yes,50.12,0.999,50.06988,,0x265b9a2f43e34422da7a83e705682242819d9656dd77afe7bcaaf3b87a7e8ae2,False
0x144e019d576f112fa767cc77240b98a7f31e5e08,newstrat,N/A,2026-06-18T00:32:19+00:00,SELL,Yes,31.83,0.999,31.79817,,0x21ee2ccc1969b437d376c26e6a08713e5b590d8e6fbf56fbda1ac8c806f29624,False
0x58eab2c37e960a5c0599500ca5f976eb555a08e0,0x58eab2c37e960A5C0599500cA5F976EB555A08E0-1781223875973,N/A,2026-06-18T00:32:16+00:00,BUY,No,10000.0,0.001,10.0,,0x8286ad910d1ccdaa1ce0cabe6bdc9f560c955e034a058f016a5b4402798c9aab,False
0x1f0e03a173fee19ccc529f7493bc5520d7fae526,AlwinP,N/A,2026-06-18T00:32:02+00:00,BUY,No,1000.0,0.001,1.0,,0xf5ec72da58e4d7372ed3411570ab1a1b5fee369c7fd90b44482ad9a10b9a4113,False
0x4190bd2b3fb0e9143fb5a8e4df17f0121d8f369d,Comrade2,N/A,2026-06-18T00:31:38+00:00,BUY,No,1000.0,0.001,1.0,,0xafc4ac71257a562a25991017e251c1f299ae9589ec329772b3bde030a409ee55,False
0x6c1e2dcceb5d05f688a54aaf6ea0f799e81507fa,0x6c1e2DCceb5D05F688A54aaf6EA0f799E81507Fa-1781717742257,N/A,2026-06-18T00:31:25+00:00,BUY,No,4000.0,0.001,4.0,,0xb8d08853bcc8d9a897accd647681f6faf56e10e0d48a7e6f9dc6d93ef467b3d5,False
0xb483d5718da4ac6f2aa39dc933f2043c5a3a0880,Jordannnnnnn,N/A,2026-06-18T00:31:11+00:00,SELL,Yes,25.8,0.999,25.7742,,0x0aca198fa314419df28ea2b3f2e30312809f948afe82741a579706b07fae64f5,False
0x144e019d576f112fa767cc77240b98a7f31e5e08,newstrat,N/A,2026-06-18T00:31:11+00:00,SELL,Yes,31.83,0.999,31.79817,,0xf17474c29edf30535686a03c4604ccb6e3dedae4039bcefa2b145b20abea76a5,False
0x5a892cefe9c01ed049d8e5193136abaf5808c186,cestledeuxieme,N/A,2026-06-18T00:31:10+00:00,SELL,Yes,40.1,0.999,40.0599,,0x0c2f2a714268961174f9086fdf447378a1adcf5314793be77073a79bf0908b1c,False
0x2f37b12f1eca5acbe23ace9e51d3eb11e2351952,Mmcwo13,N/A,2026-06-18T00:31:07+00:00,BUY,No,10000.0,0.001,10.0,,0x43dc4e34bf1615a695f683abe45f33234168a7f8c74ea00518c6fb2af94a5b86,False
0x4aa87d513621c74a091f514e9c14b52377f46531,0x4aa87D513621C74A091f514E9c14B52377F46531-1779355201172,N/A,2026-06-18T00:29:38+00:00,SELL,Yes,3536.0,0.999,3532.464,,0xf2045e4b0ba9ad961a9c5b90bc06526bbf7adef57e01cee95f5033ecedd16b92,False
0xcb6fe95945a468ab6bcc4b6294e7af98cd54317f,0xCB6FE95945a468AB6BCC4b6294e7aF98Cd54317f-1778487048226,N/A,2026-06-18T00:29:01+00:00,SELL,Yes,5229.97,0.999,5224.74003,,0xc6b1fce330abd79b70bae7a976f699bbeed79e20f0da9d3f308301166810c7f1,False
0xa204c9cfab0569f2623d2ec6fdbf26a986ddbf99,JosephIsGreat,N/A,2026-06-18T00:28:43+00:00,BUY,No,1000.0,0.001,1.0,,0x813706aedb92772db513ba2cf2d2a98f4a778ba261a4b9d98a50eb3fbedf5a44,False
0x72db63d5019d1025be7188968c4c68795d27abc9,0x72DB63d5019d1025be7188968C4C68795D27ABC9-1779586126726,N/A,2026-06-18T00:28:35+00:00,BUY,No,1350.0,0.001,1.35,,0x5dff1f478ba93bf06fab91448c0cfe96025f146337bce4550f7bf68b5ccf103a,False
0x1987733c8beae675c544752eafe437968efe6487,jordan0073444,N/A,2026-06-18T00:28:22+00:00,SELL,Yes,5.01,0.999,5.004989999999999,,0x6f8cbb1982fca1dd93354b99924fe2a42c98c06237cab48250d9d6325d1c869b,False
0xa204c9cfab0569f2623d2ec6fdbf26a986ddbf99,JosephIsGreat,N/A,2026-06-18T00:28:17+00:00,SELL,Yes,1.11,0.999,1.1088900000000002,,0x05b7940f50e3589a2a749e5de2d889422895fe5cad3a11db0eeef317eda77d64,False
0x793ed200a1e8344d608a17763d9cb8773b3643bf,Letradeuur,N/A,2026-06-18T00:28:10+00:00,SELL,Yes,38.1,0.999,38.0619,,0xd8cca036589ea06eb1a85cd15478ee2cfd85871a3fcd8186aac74a36ed01f42d,False
0x1987733c8beae675c544752eafe437968efe6487,jordan0073444,N/A,2026-06-18T00:28:08+00:00,SELL,Yes,21.08,0.999,21.058919999999997,,0x58e6fbd29c47e028617e23ae083ac33e4d80fbf4610b7ab5ba82553901937295,False
0x144e019d576f112fa767cc77240b98a7f31e5e08,newstrat,N/A,2026-06-18T00:28:07+00:00,SELL,Yes,25.46,0.999,25.434540000000002,,0xd46e3493da7036cd1effcce08c9418b69a6156601db4fea6d74358cbb2e4cbed,False
0x5a892cefe9c01ed049d8e5193136abaf5808c186,cestledeuxieme,N/A,2026-06-18T00:28:05+00:00,SELL,Yes,40.1,0.999,40.0599,,0x6833ac8c32526969e20896d95232d2f303312a24a778a43aaef47d9a56ad2af9,False
0xb483d5718da4ac6f2aa39dc933f2043c5a3a0880,Jordannnnnnn,N/A,2026-06-18T00:28:05+00:00,SELL,Yes,23.18,0.999,23.15682,,0xeac551e21e6ce2fab1ecfbf3aaccf295643d9e8553eac31777f9f457826cd79e,False
0x1f0e03a173fee19ccc529f7493bc5520d7fae526,AlwinP,N/A,2026-06-18T00:28:04+00:00,BUY,No,1000.0,0.001,1.0,,0xf36cca067605e1032bf7ae510d802bacedf4ab1cf50f329eb79a8b90f55edfde,False
0x9f92355417d3001149a03e1cdcfecef40d482c2d,Ttooot,N/A,2026-06-18T00:27:53+00:00,BUY,No,20000.0,0.001,20.0,,0x162244992d102aa326f6fdf0e2a1a7c6d4d412abb0c73f1a7b6d84d1da835e3b,False
0xf7feae51e3590c2ddbd88ab77204c43fd22c07cf,0xf7feaE51e3590C2ddbD88AB77204C43fd22C07Cf-1773690235973,N/A,2026-06-18T00:27:49+00:00,BUY,No,1000.0,0.001,1.0,,0xb6ada284c1f54c243a99371262d654ff0ec2ed52dfdd8a3fd7d5848de2422424,False
0xd9c1ba3f9ddc8980929d705626ffa2554de05479,NIKO671,N/A,2026-06-18T00:27:35+00:00,BUY,No,5000.0,0.001,5.0,,0x07f67c39af6a49e33cc27c13dd4e2d936894f7c00e486f1a9d2b4353cf031fe6,False
0xa89eaa895d0dfe831bcb6e8ec6537fb1b86c8563,seiko0,N/A,2026-06-18T00:27:17+00:00,BUY,No,1000.0,0.001,1.0,,0x1e48439c159bf91a5b1f214d60833b31be8a3cec0ef44503663002074d9c635a,False
0x2f37b12f1eca5acbe23ace9e51d3eb11e2351952,Mmcwo13,N/A,2026-06-18T00:27:07+00:00,BUY,No,10000.0,0.001,10.0,,0x122db29c7b0cca11fc89839cd2c906f3cca5176626e93b92926b4e3237a683c3,False
0x2f37b12f1eca5acbe23ace9e51d3eb11e2351952,Mmcwo13,N/A,2026-06-18T00:26:38+00:00,BUY,No,10000.0,0.001,10.0,,0xf3e7cd3f549c70f66630d1473ce936e1419b789d796d0696d7258df8e0c92a80,False
0x9aa07a637500769bc35eee5ff31497d8c0db8779,0x9aA07A637500769BC35EEE5ff31497D8C0Db8779-1769921020732,N/A,2026-06-18T00:26:20+00:00,BUY,No,1000.0,0.001,1.0,,0x717217594c33c450332276eac823297b46b8a849c093ea7aa5e4005175a84f61,False
0x913d4362fdc4606b5b96172db616651fd6a51508,IKnowSomethingForSure,N/A,2026-06-18T00:26:19+00:00,BUY,No,5000.0,0.001,5.0,,0x6e26549eb9622d20b8937b189449c8070ddf91841b26b02a62550e5886ab4ce8,False
0xd9585832c5810d964b261e7cfce782754cf9f864,Jolly-Movement,N/A,2026-06-18T00:26:10+00:00,BUY,No,100000.0,0.001,100.0,,0x471babb77c91de925df2c64361f9fb52dbc78dc366476018a74b90f51d536738,False
0x913d4362fdc4606b5b96172db616651fd6a51508,IKnowSomethingForSure,N/A,2026-06-18T00:26:10+00:00,BUY,No,10000.0,0.001,10.0,,0x28885cbbd3ccea734e1a48ff7b5d28e5c0a7db9cb301c15dc4ed94bff5360177,False
0x6a3803d0d9b4004b42c0698e6b25aa74c095c884,0x6a3803D0D9b4004b42C0698e6B25AA74c095C884-1781735769256,N/A,2026-06-18T00:25:52+00:00,BUY,No,40000.0,0.001,40.0,,0xc71459a200fbd52659fec9625b67d6c528aaec541b974bbcb51936e58bb2030d,False
0x793ed200a1e8344d608a17763d9cb8773b3643bf,Letradeuur,N/A,2026-06-18T00:25:43+00:00,SELL,Yes,38.1,0.999,38.0619,,0x01c931a50cf9ff06e5bc9335c4412f5750e56dbd3e6e5b01ba944e62df0f2221,False
0x1987733c8beae675c544752eafe437968efe6487,jordan0073444,N/A,2026-06-18T00:25:41+00:00,SELL,Yes,26.09,0.999,26.06391,,0x40b0b32d9df99ce54f8ac7fbed3ff0b9039cfffc66c69af239a7d985dde3ae27,False
0x5a892cefe9c01ed049d8e5193136abaf5808c186,cestledeuxieme,N/A,2026-06-18T00:25:41+00:00,SELL,Yes,40.1,0.999,40.0599,,0xc72dfc926ca34b442e7c1d4275502ac29fed395634fbaa95dfe078c2dcae9f4b,False
0xb483d5718da4ac6f2aa39dc933f2043c5a3a0880,Jordannnnnnn,N/A,2026-06-18T00:25:41+00:00,SELL,Yes,25.8,0.999,25.7742,,0x340c597272f43e1a7c7c2fbc71f99bad1936bb99ac5f62386944048f2bf83522,False
0x144e019d576f112fa767cc77240b98a7f31e5e08,newstrat,N/A,2026-06-18T00:25:41+00:00,SELL,Yes,25.46,0.999,25.434540000000002,,0x2367ca40596e89fae99225f16abedeea21d98d9ea000c25f9d9ea96dca227558,False
0x9f92355417d3001149a03e1cdcfecef40d482c2d,Ttooot,N/A,2026-06-18T00:25:40+00:00,BUY,No,9000.0,0.001,9.0,,0xd23a79cb12512f8acabc1eb0bd51c3b37fc7f70528c6bed805f3d6a87bd4fb51,False
0xd9e100a2043691f670219e5ca5dafb516c803fc9,NumberF1V3,N/A,2026-06-18T00:25:31+00:00,BUY,No,1000.0,0.001,1.0,,0x1de3560a8cde451a6a12e6d7f57fcd2800af13aa1ec6ebccbb54f54f114aba71,False
0x1f0e03a173fee19ccc529f7493bc5520d7fae526,AlwinP,N/A,2026-06-18T00:24:59+00:00,BUY,No,1000.0,0.001,1.0,,0x132f7175fdaf1beca54569ca62a7bfe4b1e8dda775367bbfcccc99b3a405759e,False
0x44a1159b925c145e70f746bb3f0f58380553bd21,yupiiiiiiiii,N/A,2026-06-18T00:24:37+00:00,BUY,Yes,181.6,0.999,181.4184,,0x04a058e6870aed5b501e5d6ac00d0f36da6e7b97c121ea2529a6875dd4092e6a,False
0xd49d7b8c89a7ac72b0d6e84f0690e423637fc12b,tigerdude,N/A,2026-06-18T00:24:31+00:00,BUY,Yes,3.643642,0.998999901746659,3.639998,,0x174857fa6df563087d3e2ef3e0febae7189a0b01104fa9035c3064789b03c48a,False
0xd49d7b8c89a7ac72b0d6e84f0690e423637fc12b,tigerdude,N/A,2026-06-18T00:24:25+00:00,BUY,Yes,3.913912,0.9989999775161016,3.909998,,0xadadb6b0bb6a1af9ea1a692c7602a65d6a854e83c35ff965f8b16fa1488fa460,False
0xd49d7b8c89a7ac72b0d6e84f0690e423637fc12b,tigerdude,N/A,2026-06-18T00:24:23+00:00,BUY,Yes,3.913912,0.9989999775161016,3.909998,,0x707632548b7c989196f77917aaba6d0de0fecd888bdca9296c57a352a38594fc,False
0x648bad7080caa1a9931b2774b20e87eca75900ba,Ox648bAD7080caA1a9931B2774B20e87ECa75900ba,N/A,2026-06-18T00:23:58+00:00,BUY,Yes,10.990991,0.9989999991811476,10.98,,0x912347593bd23aa9e74ed71ed32abcbfdeea8590d67d27c66640fafb4fd87892,False
0x5291987ab677f1247e0d88444b6684beea94c84f,REALM1,N/A,2026-06-18T00:23:47+00:00,BUY,No,9352.045,0.001283141815506662,12.0,,0x2a6ff0d89eec040f938b1a356b94ac3fbf8ef6745b15418de65a2bdd43e835ea,False
0x9b3145621bf2f376b21693d47627d1c92e44b0de,pespatron10,N/A,2026-06-18T00:23:37+00:00,BUY,No,2500.0,0.001,2.5,,0xef03d5721c88c8967b28fa6c2aa1a89c8ca64ab4a532123b6dacb0dcc25a0e0e,False
0x144e019d576f112fa767cc77240b98a7f31e5e08,newstrat,N/A,2026-06-18T00:23:32+00:00,SELL,Yes,20.37,0.999,20.34963,,0xab7c19ef98f3f87931d8bb087dd8ba6130212f4d4f69b438d5e747701ca45b54,False
0xa3c7c8c3c49427d840f7e62e46d202fae2a53e1f,compteeeee6,N/A,2026-06-18T00:23:32+00:00,SELL,Yes,26.1,0.999,26.073900000000002,,0xf472534565cf6d9a8ff4243e555a69ec1358f3823b19f191903a7104b3123451,False
0xb483d5718da4ac6f2aa39dc933f2043c5a3a0880,Jordannnnnnn,N/A,2026-06-18T00:23:31+00:00,SELL,Yes,20.64,0.999,20.61936,,0x5e68db24c73fa09ed38c3d1b5c159484e6c106c16a19bafc40ea429065b08fc9,False
0x615346ac3277f46c5282bd7eb20fc496d55144ab,clem913,N/A,2026-06-18T00:23:31+00:00,SELL,Yes,48.33,0.999,48.28167,,0xeb61300507b17b8a78c37d03b0564313bdac26629588a84f11b83cfcd9d8b68f,False
0x793ed200a1e8344d608a17763d9cb8773b3643bf,Letradeuur,N/A,2026-06-18T00:23:31+00:00,SELL,Yes,30.48,0.999,30.44952,,0x3afcba9525b1ddb1552537ad18638358d322e446a53b504dbb8dafcf9960cb9a,False
0x1987733c8beae675c544752eafe437968efe6487,jordan0073444,N/A,2026-06-18T00:23:31+00:00,SELL,Yes,26.09,0.999,26.06391,,0x81454aed20d42f0005f5bc39f088b838ff142b023c4a0693d8085fc86f6e23c4,False
0x5a892cefe9c01ed049d8e5193136abaf5808c186,cestledeuxieme,N/A,2026-06-18T00:23:31+00:00,SELL,Yes,32.08,0.999,32.04792,,0x31fa7aceaf062130e8cc989ff587b588c95e55e842d73ccf0457140fc0047141,False
0x72db63d5019d1025be7188968c4c68795d27abc9,0x72DB63d5019d1025be7188968C4C68795D27ABC9-1779586126726,N/A,2026-06-18T00:23:29+00:00,BUY,No,1000.0,0.001,1.0,,0xe285392517edb9c237ea22c135afa737b68ef3b502e24ed1ba6d3709058ff148,False
0x44a1159b925c145e70f746bb3f0f58380553bd21,yupiiiiiiiii,N/A,2026-06-18T00:23:25+00:00,BUY,Yes,3339.16,0.999,3335.82084,,0x53f203ea18cdd86338f72138dca68bf63a0552037ba6f3e373279ba8fa09177e,False
0xe143e2acc4768d3a766e79e2779ff4457a527823,armaged0n,N/A,2026-06-18T00:23:22+00:00,BUY,No,25000.0,0.002,50.0,,0xeecd61487bcd884e880a06526aef1fab9386328231d0f7dc389f51bb4b9c9d19,False
0x72bbbbaaf12a529e0afed34ae77dac30f89eef39,CondeDeBelloch,N/A,2026-06-18T00:23:05+00:00,BUY,No,429500.0,0.002,859.0,,0x3ba6477ac683d554959be2760e23108dc403a095706c63ed56a3c7524d6c576f,False
0xd9e100a2043691f670219e5ca5dafb516c803fc9,NumberF1V3,N/A,2026-06-18T00:23:01+00:00,BUY,No,500.0,0.002,1.0,,0xde8b46e1bff4085d6c23f065aa9a2e434c3ab448bb3b353d487e31b4e61c25a8,False
0xf456b32b11957c1b2b67454ac3b67229f63bd697,dirtybum,N/A,2026-06-18T00:22:38+00:00,BUY,No,18500.0,0.002,37.0,,0xb264cbbda04e0ec8757d988827f7601d71645ab81fb65fc4bc6f75cd9188c26b,False
0x9f92355417d3001149a03e1cdcfecef40d482c2d,Ttooot,N/A,2026-06-18T00:22:26+00:00,BUY,No,972.97,0.001,0.97297,,0x21f47767cd7625fdf1112f1f2d034f3505062c258b53105659bb97b4dec2e3f3,False
0x3cd77706410183855c363d0cd613505735888364,brianbuyingbugs,N/A,2026-06-18T00:22:23+00:00,BUY,No,2000.0,0.001,2.0,,0x9eca01604d0d6925142c22d1dc88e49a910c2b777b73b54a5c6f53bc2c04f8ea,False
0x9931f957a7445c9cf3f48cf09c3e523193b2ea8c,tewsss,N/A,2026-06-18T00:22:14+00:00,BUY,Yes,31323.13,0.999,31291.80687,,0x97f46be861b8698d3f0758f0e19d6be64310dd38674721d6d9fba0003b924f8d,False
0x71bd821b2c823cf67ed329abbb6a05d3ab9eac00,jordannnnnnnn,N/A,2026-06-18T00:21:49+00:00,SELL,Yes,0.1,0.998,0.0998,,0x9cf15290668d7c3ceb468aea39822423b4ccaeb7cf631b736e6653bfbde56b94,False
0x72bbbbaaf12a529e0afed34ae77dac30f89eef39,CondeDeBelloch,N/A,2026-06-18T00:21:32+00:00,BUY,No,6000.0,0.002,12.0,,0xc0c08d8dd06385d236fce00367b4ef97d64212cd8eb2a4976d68c8fe10ae22f4,False
0x6491f6d730d2edbd0ac8bf22174d59adfc8e6b21,0x07589f3962e053949DE5877E52Bd958F56603CD6-1777286513202,N/A,2026-06-18T00:21:32+00:00,BUY,No,500.0,0.002,1.0,,0x7bc580da8b185875c1bb35160c524aa022dc714ed3365ad39111084f33ffb1a2,False
0x6966d2f3a2e0727b0eaa180ba5b33dc645e053ed,,N/A,2026-06-18T00:21:22+00:00,BUY,Yes,1.001,0.999,0.9999989999999999,,0xc335a7b62d781a79e508106791eed827af3e2a06141d92aeef2de0e02ee81819,False
0xbeae9360957c3af4977972260bbb4539762ff5c0,,N/A,2026-06-18T00:21:22+00:00,BUY,Yes,1.001,0.999,0.9999989999999999,,0x3954d98f88dced2ff75b4e437b6c79d35536f9e6122326b15b1a5dc6b9d4f573,False
0xc4086b708cd3a50880b7069add1a1a80000f4675,JJo,N/A,2026-06-18T00:21:19+00:00,BUY,Yes,7000.0,0.999,6993.0,,0x62d4ae21e21701219f8f5f32b13f32c89f47c73047cee3437ab4c5f75729cf48,False
0x4f9eedcc32b40633a04fb45b8149e1b600479aa0,m3tuna,N/A,2026-06-18T00:20:58+00:00,BUY,No,15000.0,0.002,30.0,,0x87046eef401d3f78f87ac821e0394cf09a607c51c29d8e22ed78317099b973d3,False
0x72bbbbaaf12a529e0afed34ae77dac30f89eef39,CondeDeBelloch,N/A,2026-06-18T00:20:49+00:00,BUY,No,12500.0,0.002,25.0,,0xeb70a902e0b72820fcf5724067c442ccc0d063ded286221a00a4b0df16eb263b,False
0xb06cd9b1cc60b08b5c5886baf441c6ad9564175b,0xB06cd9B1cc60B08B5C5886baF441C6aD9564175B-1780300970962,N/A,2026-06-18T00:20:29+00:00,BUY,No,2575.0,0.002,5.15,,0x16dd813086c71b641ba75318aaaed8dc4167430766254f4465f73363b9ccfb86,False
0x9931f957a7445c9cf3f48cf09c3e523193b2ea8c,tewsss,N/A,2026-06-18T00:20:26+00:00,BUY,Yes,1685.38,0.999,1683.6946200000002,,0x79ca42d467874a5b60708cee05eeb6ae7b39675b92329f7a586e422e5bf7e337,False
0x3670279e844f5005d7ed8cc37ca562eaadef34f9,0x3670279e844f5005d7ed8cc37ca562eaadef34f9,N/A,2026-06-18T00:20:23+00:00,BUY,Yes,2362.0,0.999,2359.638,,0x51f8997703920f3063e2fc6f8aab35ddced2bc94374670e612578a396524ee1d,False
0x75803ebd31926603e18546b6ac7e2cded9ff853d,Pewpewlaserderp,N/A,2026-06-18T00:20:16+00:00,BUY,No,9999.0,0.002,19.998,,0xfaf8a0b764feef57310803a664038c1d5bf259c66720580d7180c068be5a5154,False
0x3670279e844f5005d7ed8cc37ca562eaadef34f9,0x3670279e844f5005d7ed8cc37ca562eaadef34f9,N/A,2026-06-18T00:19:46+00:00,BUY,Yes,2000.0,0.999,1998.0,,0xab8895526d8748ca92cd4783c803b09b40daace5af6fddbd909946965f887806,False
0xb06cd9b1cc60b08b5c5886baf441c6ad9564175b,0xB06cd9B1cc60B08B5C5886baF441C6aD9564175B-1780300970962,N/A,2026-06-18T00:19:19+00:00,SELL,No,5158.39,0.001,5.158390000000001,,0xfdf71547fad8ebb61b6cee79f8a07a7abdb5328dc925882fbe83a2c7560db9c8,False
0x8ebfdc251c6c378d4a3a54a8f15cebfa4b9183ce,Ordon,N/A,2026-06-18T00:19:07+00:00,BUY,Yes,12000.0,0.999,11988.0,,0x93415294133b9d8f401cd0cc003bed8585ccef16fa8c4f3d645cf7f59a331c69,False
0x0bc5aef547761739846f779f391747a9f9ec8b88,anhhtvaxl4wm,N/A,2026-06-18T00:18:55+00:00,BUY,Yes,1.041,0.999,1.0399589999999999,,0x97d0378e8e6352e3984413e19dcac238c08d7673a0a27a69951b01ffa309253f,False
0x94e9d10ba3ab69a2dae47ea9526fa478681636ff,0x94E9d10bA3Ab69A2daE47EA9526fa478681636FF-1776563966343,N/A,2026-06-18T00:18:53+00:00,BUY,No,8000.0,0.002,16.0,,0x409d076c5b1f36df73d4597490f74815cdc7fd300b877c32224867c88faa41a0,False
0xfef4edf8c1a76e66ff065081a136c9bfeef429bd,0xfEf4eDf8c1A76E66FF065081a136C9BfEeF429bD-1781309546043,N/A,2026-06-18T00:18:40+00:00,BUY,Yes,13500.0,0.999,13486.5,,0xda88e879ca0816985de252af617ac94675def1ec217e7122464c18490879c7dd,False
0x4aa87d513621c74a091f514e9c14b52377f46531,0x4aa87D513621C74A091f514E9c14B52377F46531-1779355201172,N/A,2026-06-18T00:18:23+00:00,SELL,Yes,1800.0,0.998,1796.4,,0x68bd60734bff2172c28e4ff1048f865f2c8bc7b072a9127da6af48c36e6d7eb2,False
0xb6511ce0f18c55c21c8da35e0264f23de09caab6,0xb6511CE0F18c55c21c8dA35E0264f23De09cAab6-1781142328355,N/A,2026-06-18T00:18:10+00:00,SELL,Yes,1.0,0.998,0.998,,0xbc57113322b12d100183fc0dabf51f862cf46d768bfe00d7229eaa888a2245b2,False
0x69035ca0fcbf947d079877a644ad2d3ad57acd73,arquipol,N/A,2026-06-18T00:17:52+00:00,BUY,No,1500.0,0.002,3.0,,0x96c3908dda1d8427c5af00e0422a18e24f6d6dc9d1494e49d8f76c9fff11cbba,False
0x2a9b515d46b643d68132baeb50f037249a4b0337,0x2a9b515D46B643d68132baEB50F037249a4b0337-1781504286925,N/A,2026-06-18T00:17:44+00:00,BUY,No,1500.0,0.002,3.0,,0x1546772f516d6258e33bec4dbb75faefcc9f16f288bb6549990b45301fe2d55d,False
0x94e9d10ba3ab69a2dae47ea9526fa478681636ff,0x94E9d10bA3Ab69A2daE47EA9526fa478681636FF-1776563966343,N/A,2026-06-18T00:17:16+00:00,BUY,No,17500.0,0.002,35.0,,0x7b356af873161e951768fe76f7db658f8a0278ab39af1fa1cd2e3f0bc1b16bce,False
0xd599e94c4657105b813d33e0e81f7b4d0ed46a46,helsale,N/A,2026-06-18T00:17:07+00:00,BUY,No,2500.0,0.002,5.0,,0x1602b40ce869a291252ba7a494a17dbcc6dd1b3b8b6778f56d5ad4d17316d6d4,False
0x7b0b3850eb4a00289a6e00097bc4daeec39cc3df,vtat,N/A,2026-06-18T00:16:46+00:00,SELL,No,9454.93,0.001,9.454930000000001,,0xcccfe700b3dbf2943f1668c4582255691ad26f9bb65800164610fccef6120a5d,False
0x97f937e0ec5068121db4a4b900140544b09f4e4f,Mark001-,N/A,2026-06-18T00:16:37+00:00,BUY,Yes,131.0,0.999,130.869,,0xd2ad2c4a111666151b620a6d3a48e5e98329015a07a38f678d5d798b3260eb8e,False
0x4159d9b66e877c56399de1495eb8d79368cfa9a0,eeelliot,N/A,2026-06-18T00:16:05+00:00,BUY,No,551.83,0.001,0.55183,,0xdcde28672df700f92c6338f39fc28d1b75f5fd941e0579d61ca0343a9c606864,False
0xa3c7c8c3c49427d840f7e62e46d202fae2a53e1f,compteeeee6,N/A,2026-06-18T00:15:52+00:00,SELL,Yes,20.88,0.999,20.859119999999997,,0xc060e601e85b5760d543439591c1556f600669e2f84ff2e3535bf72f8309be9e,False
0x615346ac3277f46c5282bd7eb20fc496d55144ab,clem913,N/A,2026-06-18T00:15:52+00:00,SELL,Yes,30.93,0.999,30.89907,,0xafe692c4ba686c34d6923bdd965d4074c54e7760a7b3fc9459fe59a1fd6edfd6,False
0x793ed200a1e8344d608a17763d9cb8773b3643bf,Letradeuur,N/A,2026-06-18T00:15:52+00:00,SELL,Yes,19.51,0.999,19.49049,,0xbeb88840857771799414d7b26720228465a89fcf5636b2badf68733c05522a9c,False
0x71bd821b2c823cf67ed329abbb6a05d3ab9eac00,jordannnnnnnn,N/A,2026-06-18T00:15:52+00:00,SELL,Yes,20.32,0.999,20.29968,,0x0188f161adc66dcb83459178f628f3431259b96a2c8b8189ee5d6ca2e01a4b11,False
0x1987733c8beae675c544752eafe437968efe6487,jordan0073444,N/A,2026-06-18T00:15:52+00:00,SELL,Yes,20.87,0.999,20.849130000000002,,0x0b389f6a703b7aef97f95d04e9b7fb8335c162952e953f29bba1eef9a0ccdf28,False
0x166d56ca8245af6e07a1d1b374f9e9504af5e076,0x166D56ca8245af6e07a1d1b374f9E9504aF5E076-1781464954426,N/A,2026-06-18T00:15:47+00:00,BUY,No,66731.415,0.00170834081669031,114.0,,0x1bd3c76c0b2dc08e6a9b2d962f0e37768e388198719d87324d266af37c70e2f3,False
0x71bd821b2c823cf67ed329abbb6a05d3ab9eac00,jordannnnnnnn,N/A,2026-06-18T00:15:44+00:00,SELL,Yes,20.32,0.999,20.29968,,0x04a5c7304202403a9cd508a597156615df1c77ea90b25bd2eedb8729ffb862ac,False
0x615346ac3277f46c5282bd7eb20fc496d55144ab,clem913,N/A,2026-06-18T00:15:44+00:00,SELL,Yes,30.93,0.999,30.89907,,0x02b2074c6bc5f790dd7baf602c20d21bce0247432bbf8d618256c8963818b027,False
0xa3c7c8c3c49427d840f7e62e46d202fae2a53e1f,compteeeee6,N/A,2026-06-18T00:15:43+00:00,SELL,Yes,20.88,0.999,20.859119999999997,,0x28279468025656c8f5defef7ce5cba52f83e27327a9996d163e5807d37c6cfc0,False
0x1987733c8beae675c544752eafe437968efe6487,jordan0073444,N/A,2026-06-18T00:15:43+00:00,SELL,Yes,20.87,0.999,20.849130000000002,,0xe9774b1db9fef27cf61e953868e191e36741ee57d84a97589b3f756d97b2decc,False
0xd9585832c5810d964b261e7cfce782754cf9f864,Jolly-Movement,N/A,2026-06-18T00:15:41+00:00,BUY,No,4000.0,0.001,4.0,,0xced4f579bfea28ac1c4cd2e4602b36481bfe894cc75a1d093203a1486d896d8f,False
0x793ed200a1e8344d608a17763d9cb8773b3643bf,Letradeuur,N/A,2026-06-18T00:15:40+00:00,SELL,Yes,19.51,0.999,19.49049,,0x4e15335cb4aae813103861ff1ea2f94372e50b22015c86d7b17e10c6aa1b513c,False
0x5a892cefe9c01ed049d8e5193136abaf5808c186,cestledeuxieme,N/A,2026-06-18T00:15:40+00:00,SELL,Yes,20.53,0.999,20.50947,,0x8630b0a303d27139c7a13d12fbcbc7b466ace943532636288d33b7a8255cdeb4,False
0x3ed98d984679170e6d8b59c79745c0d254f299f8,FrRuxe38,N/A,2026-06-18T00:15:37+00:00,BUY,No,1000.0,0.001,1.0,,0x82e07092dbec01771ced7c5207894aa7dd9b4ab80a4f026073928cff2b2966e9,False
0x88edd092d799556111e57ff3b2107e24dd406cfb,cooler-,N/A,2026-06-18T00:15:29+00:00,BUY,Yes,2040.23,0.999,2038.18977,,0x3be67b9c2cfab8b03529b0d57bebde1b7dcf54b3d6ce8a67986d577380c3aaf1,False
0x9b3145621bf2f376b21693d47627d1c92e44b0de,pespatron10,N/A,2026-06-18T00:15:19+00:00,BUY,No,499.81,0.001,0.49981000000000003,,0xd920fcdd0780c372bf7fbc8651b42ec9282c69caae7950a49765eff5601715f3,False
0x631c2b93ff03c21d29b2b73af4ff965e88ea450f,dube,N/A,2026-06-18T00:15:16+00:00,BUY,Yes,439.4,0.999,438.9606,,0x25ed25f65dfae29b2b1980265de2f0d0c52e0b97cc7d3c93cc12e2812c6b38bb,False
0xe948e9a171352efb09e48b8f2164e4dabaacecc7,0xe948E9a171352efB09e48b8F2164E4dABaACeCc7-1763866510541,N/A,2026-06-18T00:14:56+00:00,BUY,No,500.0,0.002,1.0,,0xbe1c00fb551b6f9ecc8d2287114bca0a87da880b14805d63e24558c997340ca5,False
0x0dc5a561af3e3d14bec8b8fc7ef2c0776252a303,0x0DC5A561aF3E3d14BEc8b8fc7ef2C0776252A303-1767933810654,N/A,2026-06-18T00:14:43+00:00,SELL,Yes,2906.56,0.998,2900.74688,,0x2570f3889c14b84ccadeb7e617aacc8efa6a4a1b18fef85ca18a93b82826adbd,False
0x5a892cefe9c01ed049d8e5193136abaf5808c186,cestledeuxieme,N/A,2026-06-18T00:14:22+00:00,SELL,Yes,20.53,0.998,20.48894,,0x2810c1b894fdc2c4f5ba320be2e1049a10db564efc7c1be560078b9625dbf7ae,False
0xa3c7c8c3c49427d840f7e62e46d202fae2a53e1f,compteeeee6,N/A,2026-06-18T00:14:22+00:00,SELL,Yes,20.88,0.998,20.83824,,0x9da5424698642eca17c406ea3598e1ac91e9abb04cb6d819540b016633103351,False
0x793ed200a1e8344d608a17763d9cb8773b3643bf,Letradeuur,N/A,2026-06-18T00:14:19+00:00,SELL,Yes,19.51,0.998,19.47098,,0x4e451782983a1e29ac96f56076bb25766cd08a6c536dc692b860e7ad2c4ae6d5,False
0x7b0b3850eb4a00289a6e00097bc4daeec39cc3df,vtat,N/A,2026-06-18T00:14:10+00:00,BUY,No,30658.47,0.001,30.65847,,0xe744de24c6ff0e1ed95d79e496c20e0776987e3499cc8bb2191695215b767ade,False
0x5eeb44945cd147dd9f8bcfd84431d75d7b3fc363,0x5EEB44945CD147dD9f8bcfd84431D75d7b3fc363-1781542965728,N/A,2026-06-18T00:13:11+00:00,BUY,No,10000.0,0.001,10.0,,0xdcd613c24fb9c854c11a120bc9750be4efe90540831470f0f5b2f0c86f008743,False
0x5cc17f2ecefdd12dd82e9cce3d0bdd4e6d4ea783,chickendinner007,N/A,2026-06-18T00:12:32+00:00,BUY,No,1000.0,0.001,1.0,,0x828ae3c0e4bcef004eff92ef2936dd206d888bf1e33da666ea98a1d87e36ab0e,False
0xb1ca909e848cc24ec4e220ce1c453bc290c51705,NonceChaser,N/A,2026-06-18T00:12:10+00:00,SELL,Yes,30000.0,0.999,29970.0,,0xa226178cf3db3d2f635a7d02ce18a3f7faf9e16186f0c1f59ee71fabd17cdd63,False
0x9bad119382d392abad7617714aad2f16c826e98d,0x9baD119382D392Abad7617714Aad2F16c826E98d-1768672572437,N/A,2026-06-18T00:12:08+00:00,BUY,No,1000.0,0.001,1.0,,0x7baeb15457a3f611d78f8f1515af31fdb022e3683b629b38cbf098a505de874a,False
0xd599e94c4657105b813d33e0e81f7b4d0ed46a46,helsale,N/A,2026-06-18T00:11:55+00:00,BUY,No,1600.0,0.001,1.6,,0x9cfd80d0c58e4b89670ddabe2ade07530f32c15eed812ad0129923f317f331eb,False
0xd9585832c5810d964b261e7cfce782754cf9f864,Jolly-Movement,N/A,2026-06-18T00:11:50+00:00,BUY,No,100000.0,0.001,100.0,,0x054040832040499cb115e4b5dddc2b02c1ce18700a96ae490584569ea3fed60b,False
0xa7bb7dccad04743f17e900d03e6b4f284cb2d450,Ridgy,N/A,2026-06-18T00:11:41+00:00,BUY,No,1000.0,0.001,1.0,,0x27278b1eb276ae9f5ef6085f8301eb09117b249a71cb89fbcca47a900dd664d7,False
0xf0d5eb1cbe7350f1f896ade6c172e6700414c665,yen4u,N/A,2026-06-18T00:11:29+00:00,SELL,Yes,10000.0,0.999,9990.0,,0xa3d59e5b02afaed71632c89c1e7e1467ecde7cc9745b545ccbc0ff2bd31ab9c7,False
0x4f282189ca9c4733401d5f4a2e02dd98d10429a3,trading.jesus,N/A,2026-06-18T00:11:29+00:00,BUY,No,55090.0,0.001,55.09,,0x6478edd6179f73d893ab3dbca2ccf4c4c42b66bb06e969d055efe0921e353d72,False
0x3ed98d984679170e6d8b59c79745c0d254f299f8,FrRuxe38,N/A,2026-06-18T00:11:05+00:00,BUY,No,1000.0,0.001,1.0,,0xa7c56bba35bd174df5da714e3ed7f4ea31bb692f9f61a2a1da9c0d8b6602500c,False
0x4141ce18db5853c626b4a5b28b4fff965a138249,Wantye,N/A,2026-06-18T00:10:56+00:00,BUY,No,2000.0,0.001,2.0,,0x5dc990275ed7e98f25cc415570e56eef539552dc263f28cd645328f2ddb82713,False
0xda6dd1e6e85678d5360110939f93f4c7797aea5c,GnarlsBarley,N/A,2026-06-18T00:10:41+00:00,BUY,No,136430.0,0.001,136.43,,0xd4d9764654bee729b14646a4ab3b92741d36249364351e60860c43cf526a5474,False
0x69b2f730348d42f1f950d38feb5f4d5d765007d1,Schroedter,N/A,2026-06-18T00:10:32+00:00,BUY,No,1000.0,0.001,1.0,,0x0702f0e9affe451a922dae586cc2e9ff4e891703e6bb2eea8e2cd3c330843f6b,False
0x238911f4c6fe08fcb0d5d1f237d5ad294b248011,224Solo,N/A,2026-06-18T00:10:10+00:00,BUY,No,4550.0,0.001,4.55,,0x06b25956914b118953445bbdc4e4d2342a5629cf3770ffce9fdb5ddda04543ac,False
0xb1ca909e848cc24ec4e220ce1c453bc290c51705,NonceChaser,N/A,2026-06-18T00:09:59+00:00,SELL,Yes,20000.0,0.999,19980.0,,0xad6d65cc09ac3e989ed7b470f7e20c8564a88fad5a00e4f6d864a92cd03da435,False
0x238911f4c6fe08fcb0d5d1f237d5ad294b248011,224Solo,N/A,2026-06-18T00:09:07+00:00,BUY,No,3000.0,0.001,3.0,,0xfe8d799dc8556d3e2f390009e872a414746ae75a28bec2d253128de79db7b136,False
0x1f0e03a173fee19ccc529f7493bc5520d7fae526,AlwinP,N/A,2026-06-18T00:08:52+00:00,BUY,No,1000.0,0.001,1.0,,0x349e620094abd4f470928d7a1443a71537061c73646db54b558b2037d6b02c3c,False
0x322d700c1dd23c7a6af13ee75680c948f01ad478,manirut,N/A,2026-06-18T00:08:41+00:00,BUY,No,1500.0,0.001,1.5,,0x301e51d8a757bbb474e6611864fd39c35cadc24a375f976de80c981f33081a0f,False
0xb2dcc7021ceaa78c55f42a1ea4cd75cfb16bb433,robinhoodx,N/A,2026-06-18T00:08:37+00:00,BUY,No,10000.0,0.001,10.0,,0xeea5d28d7cf4adc8ee9ee4b63131db23673d5f338fb9e43c850795ff35e2a7db,False
0x5291987ab677f1247e0d88444b6684beea94c84f,REALM1,N/A,2026-06-18T00:07:56+00:00,BUY,No,1000.0,0.001,1.0,,0xea097cacfa31fbd95f67f5c0a1d3c54938814efc2657da0435ffe87990cc4d63,False
0x88edd092d799556111e57ff3b2107e24dd406cfb,cooler-,N/A,2026-06-18T00:07:34+00:00,SELL,Yes,1145.0,0.999,1143.855,,0x04fa18d1feb9c8dce541ba0e212eccb7db3894a0ff4a4d3ad02dcbe8cfaf7b3d,False
0x1258209008801a1eee6938ad8b03990dc6f84724,TrenchOracle,N/A,2026-06-18T00:07:34+00:00,BUY,No,1000.0,0.001,1.0,,0xeee4e75858bf74be21b03be41d9cdb4ae5d94bf03ffbb9ebfac6b7d0b369b6d9,False
0x5291987ab677f1247e0d88444b6684beea94c84f,REALM1,N/A,2026-06-18T00:07:32+00:00,BUY,No,5000.0,0.001,5.0,,0x09b3d03c724f4f5ff7d78b8f061cc14a72847f7f0af66aa0c79148e0c723ad22,False
0x95074f700f93bdf6e62fc965e0832064c0877b04,95074f700f93bdf6e62fc965e0832064c0877b04,N/A,2026-06-18T00:06:59+00:00,SELL,Yes,1000.0,0.999,999.0,,0x831298bcdd58475aa8bf9a811f6aca931e68a6f37dd2f5b831a52e8520be5572,False
0xd599e94c4657105b813d33e0e81f7b4d0ed46a46,helsale,N/A,2026-06-18T00:06:52+00:00,BUY,No,1000.0,0.001,1.0,,0x753b611ec13e03b79d0c56987ebe51d53486388839d71d511a09ee1f711ca551,False
0xbb4d7631ef55f069f28b5441c500f035deaed388,kimmy92,N/A,2026-06-18T00:06:35+00:00,BUY,No,1000.0,0.001,1.0,,0x491849b11cf7533219772de2e5d74f066cd5d58bd3e99b8e68e6fdece85269b2,False
0xf2f75a9ef5f2d8deaf3a20ce49bc309863e6e967,PlayingWithPennies,N/A,2026-06-18T00:06:31+00:00,BUY,No,5000.0,0.001,5.0,,0xbcce482a06b8b60ca55a512d3d93af98a4a065b6ebc837291b76ed794e36d67e,False
0x238de3cf57d437768508d5336500624d911d6e99,MoneyCraft,N/A,2026-06-18T00:06:31+00:00,BUY,No,1000.0,0.001,1.0,,0xd1dc0497ca5aece1f3fbb03c8d5a9586b8c799d537eb03a467856bf4ec78ea10,False
0x94333b2922e4a917e9f752929e21959e50ea0236,DeepPockets,N/A,2026-06-18T00:06:22+00:00,BUY,No,5000.0,0.001,5.0,,0x6429ea0800bc12515ba1101e46960ebfda549cf71ce3b9ab449666b5343a7a5b,False
0x245ae9a357e37936d098a77c5f7970b3f7c5bf25,ActonReal,N/A,2026-06-18T00:06:01+00:00,BUY,No,5000.0,0.001,5.0,,0x6ef3b88800b72d53b0a47c5f3c628e5b93770fee9951725b0adcea60337112ed,False
0x245ae9a357e37936d098a77c5f7970b3f7c5bf25,ActonReal,N/A,2026-06-18T00:06:01+00:00,BUY,No,5000.0,0.001,5.0,,0x41bba5b946c1499ad2f35a7f66ef1111f9d9faf848a5989f2d6611d52bf29ad5,False
0xa7b3eb57336dcd03add7b4368b63cb873defd2a0,sehacerlimonada,N/A,2026-06-18T00:05:55+00:00,BUY,No,1000.0,0.001,1.0,,0x2519cdbf76e95c1354b0fb1bdcd3447a27a825b490c718502e6ac5f158eb2d24,False
0xb0955bef53a32f5f358ee81cf4b0e633e2bacdb8,Shyxxn,N/A,2026-06-18T00:05:49+00:00,BUY,No,1000.0,0.001,1.0,,0xdf8fe5218d12e23e627119a158cffc6999130084f48256e3928d90a9be658ca8,False
0x517bc12b9116b9ce3f40ea3eb17ea43fb0f6be02,Laddy5,N/A,2026-06-18T00:05:17+00:00,BUY,No,1000.0,0.001,1.0,,0xd64a3501a7cb6de31c0d3708eca359135031e9c3dfd813a212e307795a9119f4,False
0xb483d5718da4ac6f2aa39dc933f2043c5a3a0880,Jordannnnnnn,N/A,2026-06-18T00:05:14+00:00,SELL,Yes,0.82,0.999,0.8191799999999999,,0x38e698a65fee6e383002bd315bc8dc05433b27d50a0f1ee453fc048e68656457,False
0x0778f4285f5b21cb4b8ab69be7ec4dac38a04399,0x0778f4285f5b21CB4B8aB69bE7ec4DAc38A04399-1776146597429,N/A,2026-06-18T00:04:52+00:00,SELL,Yes,4000.0,0.999,3996.0,,0x12ccf0a8c9511b249f14bb4bcd14047eb0c6031581a0a0c80268017b5f9dc671,False
0x5291987ab677f1247e0d88444b6684beea94c84f,REALM1,N/A,2026-06-18T00:04:41+00:00,BUY,No,5000.0,0.001,5.0,,0xe98c95f008959d06e45e4d823ab16084cc6f64d8ace702a502ee42381b7fcc7b,False
0x4159d9b66e877c56399de1495eb8d79368cfa9a0,eeelliot,N/A,2026-06-18T00:03:56+00:00,BUY,No,4000.0,0.001,4.0,,0x8f69d6e0ecb0c2240d7750fa955a8c14eb17294987bb96a4838c4cfa7207c29d,False
0xa2487c199cdf8c6d2cdaf69749ce74e3e8d33618,WizeWins,N/A,2026-06-18T00:02:59+00:00,BUY,No,5000.0,0.001,5.0,,0x3a406a9a8aa00b8220291c77b650e3527615c64116c4cca1ad77515bb1190145,False
0x0778f4285f5b21cb4b8ab69be7ec4dac38a04399,0x0778f4285f5b21CB4B8aB69bE7ec4DAc38A04399-1776146597429,N/A,2026-06-18T00:02:55+00:00,SELL,Yes,4000.0,0.999,3996.0,,0x0477689789329a667d3476eddb979abc3f2d79de4bc80754b324cff26b308ba7,False
0xd599e94c4657105b813d33e0e81f7b4d0ed46a46,helsale,N/A,2026-06-18T00:02:43+00:00,BUY,No,2000.0,0.001,2.0,,0xdf6114d653b94228dacf8f0e8ebbebcd12ac004fa1b7d229bafdfaa3600f71b1,False
0xd9c1ba3f9ddc8980929d705626ffa2554de05479,NIKO671,N/A,2026-06-18T00:02:41+00:00,BUY,No,3000.0,0.001,3.0,,0x3b7dc798454569e42e45c7c3d2ddc22194d17b19a3827c69dc1252f147a0fb06,False
0x9b3145621bf2f376b21693d47627d1c92e44b0de,pespatron10,N/A,2026-06-18T00:02:28+00:00,BUY,No,2500.0,0.001,2.5,,0xd2b8ae4226b9adea2e2a91e26be3beb087bfd1fe9a85649e395dea0b11adbdf4,False
0x9bad119382d392abad7617714aad2f16c826e98d,0x9baD119382D392Abad7617714Aad2F16c826E98d-1768672572437,N/A,2026-06-18T00:02:28+00:00,BUY,No,1000.0,0.001,1.0,,0x6e7aa37f2b45b93558746f353321546bead84bdf181b151ac369b7885c0bbfec,False
0xa2487c199cdf8c6d2cdaf69749ce74e3e8d33618,WizeWins,N/A,2026-06-18T00:02:14+00:00,BUY,No,10000.0,0.001,10.0,,0x0de85c1419113d06de59019cd27bd26dca556f56b4b7efafa9315a7e18a4fd91,False
0xe994f95ae78990baa9fdc90f3e7c1b3e49666054,0x07edfc39536948f0aBBB0B61501a8cB1d4157909-1769064787047,N/A,2026-06-18T00:02:13+00:00,BUY,No,1720.0,0.001,1.72,,0xaad66d890d7a1627f01664614b0530bc5d71ffa6983627e7d91a9a401daa315a,False
0x0778f4285f5b21cb4b8ab69be7ec4dac38a04399,0x0778f4285f5b21CB4B8aB69bE7ec4DAc38A04399-1776146597429,N/A,2026-06-18T00:02:04+00:00,SELL,Yes,4000.0,0.999,3996.0,,0xa4b8b90d86423f49ea3b1b93e2db011810925727d8350823ead62a78f5bd3be4,False
0x152fdae6b14b9131a61ec77ed61dda50f68da549,Ferwhere,N/A,2026-06-18T00:01:35+00:00,BUY,No,100000.0,0.001,100.0,,0x03560236b5ecb22ca10ec20d17d6d47c8fc53f121bcf33a2a4c52103deff906c,False
0x81b28b1085a8a73f60d0adc67418dd4c7a0b2e06,Bronkoloss,N/A,2026-06-18T00:01:16+00:00,BUY,No,1000.0,0.001,1.0,,0xad6ac20900e7f6beaea6d549ec74954f60c54cf9f09302941707e4de6b89efa2,False
0x152fdae6b14b9131a61ec77ed61dda50f68da549,Ferwhere,N/A,2026-06-18T00:00:52+00:00,SELL,Yes,134205.98,0.999,134071.77402,,0xae4ebeb40bc4ce5ace835bddb5a852fe6190b735145f96802812ec9a82b91893,False
0x6c1e2dcceb5d05f688a54aaf6ea0f799e81507fa,0x6c1e2DCceb5D05F688A54aaf6EA0f799E81507Fa-1781717742257,N/A,2026-06-17T23:59:58+00:00,BUY,No,3000.0,0.001,3.0,,0x967f1d3b178e26cbc6256404ad4a93ba835ea69e6defedf0d4a3117ed2b284a8,False
0x606606da4900baf01c761707fbe2d35d09a0ac8f,0x606606da4900BAf01C761707fBe2D35D09a0ac8F-1762435853673,N/A,2026-06-17T23:59:56+00:00,SELL,Yes,10.0,0.999,9.99,,0x8ccd3176ae23c49822ef419ddc948fdd22570b8f7bd3306e4cd74f4d34cc5dc8,False
0x606606da4900baf01c761707fbe2d35d09a0ac8f,0x606606da4900BAf01C761707fBe2D35D09a0ac8F-1762435853673,N/A,2026-06-17T23:59:56+00:00,SELL,Yes,10.0,0.999,9.99,,0x7ee931e5412ac62f3d507b5c6e1b79893666f8a13726b2a4557ce3a803290a60,False
0x6c1e2dcceb5d05f688a54aaf6ea0f799e81507fa,0x6c1e2DCceb5D05F688A54aaf6EA0f799E81507Fa-1781717742257,N/A,2026-06-17T23:59:47+00:00,BUY,No,5000.0,0.001,5.0,,0x63a5ae1edc4faa31880db0db93d9e8706969e268373b69e81a50731bedf521e0,False
0x5291987ab677f1247e0d88444b6684beea94c84f,REALM1,N/A,2026-06-17T23:59:19+00:00,BUY,No,6000.0,0.001,6.0,,0xf37448c919db882d1570958f354d5f31a5de236e6939ba500d92a741d5ba48f2,False
0xab80b7d9647c3c837e2306afc9851e029b2bf3d8,0xab80b7d9647C3c837E2306Afc9851E029b2Bf3D8-1781185461933,N/A,2026-06-17T23:59:16+00:00,BUY,No,1000.0,0.001,1.0,,0x3b2de8e6af1cf5079b379a216a4a934d15b4d33a2c2769e0f6deab582924c1bf,False
0x0ca613df9853b6bf2b293d2c4c161c8ad0eb98be,0x658649FdE4dC98aE05F06DDF10dA069e768d43aE-1766632621945,N/A,2026-06-17T23:59:08+00:00,BUY,No,4000.0,0.001,4.0,,0xbf7f0b1a65e008d705e10692bed1837c70b82d0b6fbc0883d39d7bbc54d5e64a,False
0xc5bdf06de8ac9e1a904408d101c0cdc86571ceaa,garbagefriends,N/A,2026-06-17T23:58:46+00:00,SELL,Yes,484.18,0.999,483.69582,,0xd66573b352a1b93dbc1b13f4feff0f6e2a679d0bc7d6bffc02e7a14a2523109b,False
0x4663854f8bb5a3ea850cbed4b126ab6c13edb80c,0x4663854f8bb5A3ea850CbeD4b126aB6c13EDB80c-1776032151415,N/A,2026-06-17T23:58:37+00:00,BUY,No,2000.0,0.001,2.0,,0x6eca2c2a497f19dc854515438deffb31dcff8a5722f03cc455df3aae0a39ff97,False
0x35e36faa4cf1488d120580302ed1d149be749188,0x35e36FaA4cf1488D120580302Ed1d149bE749188-1775509899044,N/A,2026-06-17T23:58:26+00:00,SELL,Yes,1000.0,0.999,999.0,,0x46bee8a895174a6785f81b8a9bb86eaa0ac4f20a2204403bb98058da4ee79dfb,False
0x06cb73531a43553e31a8ad031026d4b33f1af47f,,N/A,2026-06-17T23:58:22+00:00,SELL,Yes,0.78,0.999,0.77922,,0x78b0ce700d33732b5ec5f8f1156747907af07e4ea24ea110d7109e252c2ef67a,False
0x7ba94a914454cfd5da67f4e7cb123ff8644360ab,,N/A,2026-06-17T23:58:19+00:00,SELL,Yes,0.18,0.999,0.17981999999999998,,0xddd809bc4baed4d278ebf166b86b91dd1f515ed63cad5cabfa7d701832fa14e8,False
0xb715ac88ded58e0cb7f99d8825fe5d7446fc8f7f,,N/A,2026-06-17T23:58:17+00:00,SELL,Yes,0.12,0.999,0.11988,,0xb82125122d8a14ec0ac55f0c95856e8529e48ea378d7f3e41cbfcc45814da47d,False
0x48ea80c659a01a381b85809a3fd4a8c50c74cb19,,N/A,2026-06-17T23:58:17+00:00,SELL,Yes,0.17,0.999,0.16983,,0xd1c19e99d0cc189f4bd21b05e440288609994e8c15603d8ae510c34fefe75d34,False
0x9855a9e8f25f8263c9ee96d5f4b777b048b6a550,,N/A,2026-06-17T23:58:17+00:00,SELL,Yes,0.12,0.999,0.11988,,0x394aa7e32f43c46cd270682d496d43290be0b8e1f7e26d970cc7a0e1044dbe16,False
0xe90fe094286107ab146138930fb878869702131e,G9vQK5Gcyx,N/A,2026-06-17T23:58:13+00:00,SELL,Yes,60.0,0.999,59.94,,0x9a40ffc1fe5dc2e6a953477741b2d81f1afd3aaeaaa47b8e6789e9ff73d6cb16,False
0x9902cc1ffb582e079c902380b655fdc3afb534b3,,N/A,2026-06-17T23:58:11+00:00,SELL,Yes,0.3,0.999,0.29969999999999997,,0x91165d52f2e57c4a8287d755fbfa55e94bd9a905417efe86f5fa32bc99aca90b,False
0x54498e4c40b17261479aeaeeddf9cc37bd46992b,,N/A,2026-06-17T23:58:10+00:00,SELL,Yes,0.69,0.999,0.68931,,0x92ba2175a35d70f234b31c3fd4993a28b7be4f982771bd5770ec445a773a2bc5,False
0xdbc45db6ba0618e6182109854e8d19a77b4f4347,pollybott,N/A,2026-06-17T23:58:10+00:00,SELL,Yes,11.79,0.999,11.77821,,0x0c99619df7244ff051efcd3eb42173161829e3d4c6d529e3a9805b3cdfcfd718,False
0xbb65656c281bcc3a08ab33cff730157329aa1407,,N/A,2026-06-17T23:58:10+00:00,SELL,Yes,1.51,0.999,1.50849,,0x77eec166d5c82edad0d626ea61f392f9f95628dbae0b511e5029f4319c17ef91,False
0xce3c4137160f96b9038874c7b098b565e92807cc,0n5zs6pqlz1d,N/A,2026-06-17T23:58:08+00:00,SELL,Yes,0.02,0.999,0.01998,,0xa0e5238a6c5c77547fa90d0ddc9069bc3c72b97d3c8bf2b5d3a3c7474cd2b055,False
0x1c0de4def428dc2637e34f6b32c5dcf7e14989c0,x94v26sadbmp,N/A,2026-06-17T23:58:08+00:00,SELL,Yes,0.01,0.999,0.00999,,0x8028372498fb09a69091c6bc9e54302d1cefa97560f3c4fcd72396946c55a3f8,False
0x7c3db723f1d4d8cb9c550095203b686cb11e5c6b,Car,N/A,2026-06-17T23:58:07+00:00,SELL,Yes,10000.0,0.999,9990.0,,0x65d485b17d3a8dae029e860d590b83f3bc98fbe39991ab51a765868f663e443e,False
0x3d03c46d2e4594ea6fa03f7b571342d8ee249d52,,N/A,2026-06-17T23:58:07+00:00,SELL,Yes,0.55,0.999,0.54945,,0x30a1172d4d3b8528b1d2b9a72db1e7adce56aafa8212ad8382c1914b0da502a0,False
0x4da9074e692d616114e5fc4ca0a78e7551443f5d,,N/A,2026-06-17T23:58:07+00:00,SELL,Yes,1.89,0.999,1.88811,,0xa9c7873807af88d296a907688714e204fcd035832862bb8d8851a0a8c5dbc7e8,False
0x428208cf4ff7b0aaede6dfd86969cfc823f93455,ccyy2026,N/A,2026-06-17T23:58:07+00:00,SELL,Yes,1.4,0.999,1.3985999999999998,,0x701222c2810c0146df108471d0b4ef5309aa8c18576783708c404d59b677dd2c,False
0xe9ce222d479d488f8901a342ecb778eb9cbd711f,KreoAnon,N/A,2026-06-17T23:58:07+00:00,SELL,Yes,3.11,0.999,3.10689,,0xf6e0afe31e19b5cfe36d6dea38f4215f8a8d9b9a7109e1caa70b680a98b84fc8,False
0x941b0327f71c3de90fd51c775d5c8174b8cba2d0,,N/A,2026-06-17T23:58:07+00:00,SELL,Yes,0.01,0.999,0.00999,,0x80f7c2890589457e325b9504290a36f2e9e35546df5ea42007148b4b93c9cd88,False
0x809205fb1c91f746b9703ca412c4fdd0435db8a2,just-hanging-around,N/A,2026-06-17T23:58:07+00:00,SELL,Yes,8.24,0.999,8.23176,,0x8f6d0308e1cf82c63b5921f8925cfca501abdcf40f91e2aec78cb88930e0cae9,False
0xfeb62967b03452ab34a1d4cba0c8207037655f3a,,N/A,2026-06-17T23:58:07+00:00,SELL,Yes,0.12,0.999,0.11988,,0xc6a494184e4f3b7d43536e3b1f38bbf106eb665d12a053a54be226b16a8d7067,False
0x4e7a28857aa44b6b811043eb2b0742957605e81e,yepee,N/A,2026-06-17T23:57:46+00:00,BUY,No,1000.0,0.001,1.0,,0x69169483fe92a0645f991c268752b27ebb6d76c7196632040e8692595293666e,False
0x5a892cefe9c01ed049d8e5193136abaf5808c186,cestledeuxieme,N/A,2026-06-17T23:57:16+00:00,SELL,Yes,40.1,0.999,40.0599,,0x81280d7319ebb0c4425be4682e1dd44b10579b388685da16bcb41318b829f31c,False
0xa3c7c8c3c49427d840f7e62e46d202fae2a53e1f,compteeeee6,N/A,2026-06-17T23:57:16+00:00,SELL,Yes,40.78,0.999,40.73922,,0xa811b58d57b4e6cd71e4fd43041bb7c423f85942777d832f85a0e2f813cd53e6,False
0x71bd821b2c823cf67ed329abbb6a05d3ab9eac00,jordannnnnnnn,N/A,2026-06-17T23:57:14+00:00,SELL,Yes,49.63,0.999,49.58037,,0x264b683e9246ed5697c96c43ee9c517e87022b2717bb761830b93d1585a0f6b6,False
0x144e019d576f112fa767cc77240b98a7f31e5e08,newstrat,N/A,2026-06-17T23:57:14+00:00,SELL,Yes,77.7,0.999,77.62230000000001,,0x2e1e1040e42457fe0eedc6847669f37bcfaa2fd2a3a68c3a60cbe0a69e53ec32,False
0x68fa6dd679403913af9b22e8b6b8be4af0a7ca35,L339,N/A,2026-06-17T23:57:13+00:00,BUY,No,9000.0,0.001,9.0,,0x30be15ee2ae1cd03a16d7d9d116dfaa219099105ca63548aa17345d75742021e,False
0x913d4362fdc4606b5b96172db616651fd6a51508,IKnowSomethingForSure,N/A,2026-06-17T23:57:13+00:00,BUY,No,28000.0,0.001,28.0,,0xfb9036f5c3c09de0d9d5bc1726e51195f4ada15c6a0547f4719cb439b7095eee,False
0xe5725158d70ab29a9be1556fb1c50ae053776fbe,0xE5725158d70aB29a9BE1556fB1c50aE053776FbE-1781555538191,N/A,2026-06-17T23:56:31+00:00,BUY,No,6940.0,0.001,6.94,,0x42eff00a9d6c22ac27b4689e589b371227199bb219f0502bbad1fb071e203150,False
0xe960b1968bbe7fda3dbbf72150943fa3305ce760,PromptHedge2174,N/A,2026-06-17T23:55:59+00:00,BUY,No,2000.0,0.001,2.0,,0xbf78ea0a5b0e30188b0e2dbbaa11c6e306198a10730108401d84763383556f8d,False
0x6c1e2dcceb5d05f688a54aaf6ea0f799e81507fa,0x6c1e2DCceb5D05F688A54aaf6EA0f799E81507Fa-1781717742257,N/A,2026-06-17T23:55:40+00:00,BUY,No,10000.0,0.001,10.0,,0x1de563581b629659df80342d17e64a002df38c3521257e990db3a8d8657f040b,False
0x793ed200a1e8344d608a17763d9cb8773b3643bf,Letradeuur,N/A,2026-06-17T23:55:25+00:00,SELL,Yes,47.63,0.999,47.582370000000004,,0x9dd80d0e82365bb70c634dfe8a943f913047bd58e7c977fb55bd0028ae2e8c01,False
0xab2e480a5c1617b7427fea0909a29bfcfce509b2,MOONWIND1,N/A,2026-06-17T23:55:23+00:00,BUY,No,3000.0,0.001,3.0,,0x4de3117141eb72991c47fe12f6ab543b1e6512c38cbc77bb2e6d3f39cc044dbe,False
0x373f307a311cfb5e9fc7383e155f3cc79d0e1878,333blacksea,N/A,2026-06-17T23:54:16+00:00,BUY,No,71000.0,0.002,142.0,,0x0008f302b4ed299f464ec23189a54595f3178fcb0de212db6662bba75d1d2e11,False
0x2cc19c737987976a24f304675832134ee3813957,DashApe,N/A,2026-06-17T23:54:10+00:00,BUY,No,5000.0,0.002,10.0,,0xd3a5dda163ce258c06430a7d42f2c574b4b8755f3227cce2cf332d5b1dcb55db,False
0xcd33bf06b0931d91899f9e7914e6d1e57b83cf51,meowmers,N/A,2026-06-17T23:53:46+00:00,BUY,Yes,113.31,0.999,113.19669,,0x4a4c0b59f46c227cd8cf12f24daa58dac16e8657b610f7d60c369f5e334620f2,False
0xab2e480a5c1617b7427fea0909a29bfcfce509b2,MOONWIND1,N/A,2026-06-17T23:53:41+00:00,BUY,No,880.0,0.002,1.76,,0xe47252f70b88dc2c69791542c946fed9ff9fede70b4d8800cdba91075ff64843,False
0xff276edd3eb56232b30dacaac1bac48fcd33073e,0xFF276edd3eb56232b30dAcaAc1Bac48Fcd33073e-1767503044061,N/A,2026-06-17T23:53:05+00:00,BUY,No,1000.0,0.002,2.0,,0x1b9ef9bbf98143f88bea0058fecac11aa6734a0967a8d2dfeca6d8510ca0d720,False
0x122cdd9db64fd8dc3ebab813218e3effe21f821f,okcoolstorybro,N/A,2026-06-17T23:52:34+00:00,BUY,Yes,20.0,0.999,19.98,,0x6a161c52379a4ab3881b3c57d882fc804349956089a0556e17974ddf8d4e5498,False
0x81b28b1085a8a73f60d0adc67418dd4c7a0b2e06,Bronkoloss,N/A,2026-06-17T23:52:07+00:00,BUY,No,500.0,0.002,1.0,,0xa068f8355be31c125bfd26d144dca3f81a15c7e148682509236ae73ca3d7bd61,False
0x54b56146656e7eef9da02b3a030c18e06e924b31,pup1,N/A,2026-06-17T23:51:31+00:00,BUY,Yes,30000.0,0.999,29970.0,,0x5d78c332bc17805a7e41bfe4463b3d984ab50e929ca74f03f3ca045d96c3c7b6,False
0x5ccf62ac8155e49bc7d021a1a66e9ef18f5579d7,Cungly,N/A,2026-06-17T23:51:20+00:00,BUY,Yes,2500.0,0.999,2497.5,,0x9e6b0c0846106860eab209e7f678f629e3d9be6bdf8dcff858659ffb2a52c0ef,False
0x06cb73531a43553e31a8ad031026d4b33f1af47f,,N/A,2026-06-17T23:51:08+00:00,BUY,Yes,4.954,0.999,4.949046,,0x1d04f1712e57f35c6ba7d4914e3b02f659a42fd086bb121c64189b5cc352a6b4,False
0xe90fe094286107ab146138930fb878869702131e,G9vQK5Gcyx,N/A,2026-06-17T23:51:04+00:00,BUY,Yes,32.992,0.999,32.959008,,0x76cdb5d815ae92ed517b1d6a56d17c02078990d428589e7bfea987c89b176568,False
0x54498e4c40b17261479aeaeeddf9cc37bd46992b,,N/A,2026-06-17T23:50:59+00:00,BUY,Yes,1.251,0.999,1.249749,,0x2eb2e1e2746e191ee291972667a496de2c641a5c134b9d8670a2ae7f75dd43b6,False
0x4da9074e692d616114e5fc4ca0a78e7551443f5d,,N/A,2026-06-17T23:50:58+00:00,BUY,Yes,5.005,0.999,4.999995,,0x86ace776b67ba9f6d5e542b23004991b222aba904f1f18d7cbbc29cbddb9b452,False
0x35e36faa4cf1488d120580302ed1d149be749188,0x35e36FaA4cf1488D120580302Ed1d149bE749188-1775509899044,N/A,2026-06-17T23:50:58+00:00,BUY,Yes,533.87,0.999,533.33613,,0x9f1357e134b3030b8311088cccfb2ecd34e4fabd20849246159f413fcbf42bbd,False
0xdbc45db6ba0618e6182109854e8d19a77b4f4347,pollybott,N/A,2026-06-17T23:50:58+00:00,BUY,Yes,10.01,0.999,9.99999,,0x4b13c4b7bc2ed979fe046a7b22b6b6ea71f2db465da2c5e197aa018a6e831184,False
0x72bbbbaaf12a529e0afed34ae77dac30f89eef39,CondeDeBelloch,N/A,2026-06-17T23:50:56+00:00,BUY,No,107500.0,0.002,215.0,,0x6aa15de989849eb650c38af159d4a7db488fc4d1a8de7563dc150ba3d16fb04c,False
0x06cb73531a43553e31a8ad031026d4b33f1af47f,,N/A,2026-06-17T23:50:38+00:00,BUY,Yes,4.954,0.999,4.949046,,0x7b02ad23da38f4e6e631b2a65319fccda03696074742ffbf78bc381a471ab0e1,False
0xdbc45db6ba0618e6182109854e8d19a77b4f4347,pollybott,N/A,2026-06-17T23:50:37+00:00,BUY,Yes,10.01,0.999,9.99999,,0x32fb577e61eff2908d526bc94d1a994b22e6d3fc4f25436a39873bf23e2c47dd,False
0xe90fe094286107ab146138930fb878869702131e,G9vQK5Gcyx,N/A,2026-06-17T23:50:32+00:00,BUY,Yes,4.994,0.999,4.989006,,0xbe0e3a525922bbd36759bbc4bf620019d9f3c300b25e9a5bbe1066490eabc2b6,False
0xdbc45db6ba0618e6182109854e8d19a77b4f4347,pollybott,N/A,2026-06-17T23:50:31+00:00,BUY,Yes,10.01,0.999,9.99999,,0xa144df21900b6fa58e277aa29b4b56ebc46701f58fde2bdac6cde971565b8370,False
0xe90fe094286107ab146138930fb878869702131e,G9vQK5Gcyx,N/A,2026-06-17T23:50:31+00:00,BUY,Yes,30.0,0.999,29.97,,0xdd7ae001bba07f9515a96b2261100d23d450a358c742b08e1a1d97e567c2ee39,False
0xe90fe094286107ab146138930fb878869702131e,G9vQK5Gcyx,N/A,2026-06-17T23:50:31+00:00,BUY,Yes,4.994,0.999,4.989006,,0x30e6e36f3225673fca3783fb64dea31975a397801062e02dbd2c97acf757486c,False
0x54498e4c40b17261479aeaeeddf9cc37bd46992b,,N/A,2026-06-17T23:50:29+00:00,BUY,Yes,1.251,0.999,1.249749,,0x2e094347df088d379d0ecf41eee611a846e563e03d20a3047d3366bea2f175a7,False
0x54498e4c40b17261479aeaeeddf9cc37bd46992b,,N/A,2026-06-17T23:50:29+00:00,BUY,Yes,1.251,0.999,1.249749,,0xb1b9dfe2454b3976fc2d5dd2556d3de84c4db10666ebd7f0be4fdd402ae63695,False
0x35e36faa4cf1488d120580302ed1d149be749188,0x35e36FaA4cf1488D120580302Ed1d149bE749188-1775509899044,N/A,2026-06-17T23:50:28+00:00,BUY,Yes,50.0,0.999,49.95,,0x177389ab6a7c87807448ae4fe42d665bcae9491173ac22ffa466738c9c5bc367,False
0x54498e4c40b17261479aeaeeddf9cc37bd46992b,,N/A,2026-06-17T23:50:26+00:00,BUY,Yes,1.251,0.999,1.249749,,0x287ba7aa5f45ee13dda057bbd95eab50507c5442318de97b9347a0ae8ecf9748,False
0x93c972fc0b3b1b9db8f692d5187bb1272a6c5851,0xEDfb27F1a59168ed82392A7f6c3D3Baf15230e1F-1771336619720,N/A,2026-06-17T23:50:26+00:00,BUY,No,500.0,0.002,1.0,,0xcf367302c4557755d7296969c9ac7d2a378db290db58ec479e352ac02e3e48b1,False
0x35e36faa4cf1488d120580302ed1d149be749188,0x35e36FaA4cf1488D120580302Ed1d149bE749188-1775509899044,N/A,2026-06-17T23:50:26+00:00,BUY,Yes,500.0,0.999,499.5,,0x951b67a199f9bfc0f0fbd160b75448b8ee79bbe21184db919161ceb2b01a9da1,False
0x04deb4c8d9db5b06427182f048dfecab7efc2f5a,Skyrook,N/A,2026-06-17T23:50:25+00:00,BUY,No,5000.0,0.002,10.0,,0xc3d47a7e117d23e0b40e048323419e1acf896ba971493002faa43dec17539bec,False
0xe90fe094286107ab146138930fb878869702131e,G9vQK5Gcyx,N/A,2026-06-17T23:50:25+00:00,BUY,Yes,4.994,0.999,4.989006,,0x2999fd5d4b8c693f4beb9e0a9ffe3f1bf9c43d019601b15dbf5981c27a51af32,False
0xdbc45db6ba0618e6182109854e8d19a77b4f4347,pollybott,N/A,2026-06-17T23:50:25+00:00,BUY,Yes,3.253,0.999,3.249747,,0x79538ad7d48d89147d3445dbb54499c3407c4adfc80f36688ae7cb71350b8808,False
0x4da9074e692d616114e5fc4ca0a78e7551443f5d,,N/A,2026-06-17T23:50:25+00:00,BUY,Yes,5.005,0.999,4.999995,,0x50d055b163302efeec884c5670d2106491432776117a3cb971cb8f0447cc1cfb,False
0xa3c7c8c3c49427d840f7e62e46d202fae2a53e1f,compteeeee6,N/A,2026-06-17T23:50:23+00:00,SELL,Yes,32.63,0.998,32.56474,,0x548f1625c1a7bd7e08c4a2e4d32e63a658e042e220b60a8e73e3dcb65b85bea9,False
0x54498e4c40b17261479aeaeeddf9cc37bd46992b,,N/A,2026-06-17T23:50:20+00:00,BUY,Yes,1.251,0.999,1.249749,,0xa87546a0dde741e48881bcc683b25ad7275d253c14c2830dd41dce90f2a25509,False
0xdbc45db6ba0618e6182109854e8d19a77b4f4347,pollybott,N/A,2026-06-17T23:50:19+00:00,BUY,Yes,3.803,0.999,3.799197,,0x5f0c77aca5213bbfddca9badf2b00fba52d299fade07d6caf685ca2cf45caa9f,False
0x35e36faa4cf1488d120580302ed1d149be749188,0x35e36FaA4cf1488D120580302Ed1d149bE749188-1775509899044,N/A,2026-06-17T23:50:19+00:00,BUY,Yes,7.01,0.999,7.00299,,0x6c12efa2b2787effee9753ce03798e420218a389e351f2d94ca77242a049f915,False
0x793ed200a1e8344d608a17763d9cb8773b3643bf,Letradeuur,N/A,2026-06-17T23:50:17+00:00,SELL,Yes,38.11,0.998,38.03378,,0xa08a5c056d8aef5728a23ad1c04bd209244ef339f2297b6d9c1a48bd2c6f61ea,False
0xe90fe094286107ab146138930fb878869702131e,G9vQK5Gcyx,N/A,2026-06-17T23:50:11+00:00,BUY,Yes,4.994,0.999,4.989006,,0xa0985976f35dd340ae9a9475dc85ddefd284203b4ebde8b5d4ba19fdcb09295b,False
0x54498e4c40b17261479aeaeeddf9cc37bd46992b,,N/A,2026-06-17T23:50:08+00:00,BUY,Yes,1.251,0.999,1.249749,,0x2c4ef9d2b9c0cf32e65f043f902d8f32222c611f1a00eeaecdcebe5a2f6e9b9c,False
0xdbc45db6ba0618e6182109854e8d19a77b4f4347,pollybott,N/A,2026-06-17T23:50:08+00:00,BUY,Yes,3.203,0.999,3.199797,,0x4ee7d2ee81e91675608f16c24aca66fd074d2e4d65686dcc8f19d59c81e66776,False
0x5a892cefe9c01ed049d8e5193136abaf5808c186,cestledeuxieme,N/A,2026-06-17T23:50:05+00:00,SELL,Yes,32.08,0.998,32.01584,,0xe5f072bbf04efebdae9bda16988888ef0d8ba272ec7100842e1aa2cf27acfc29,False
0xc70b6162e112e411986948a24b1bc259068fd2f2,hieux04,N/A,2026-06-17T23:50:04+00:00,BUY,Yes,5.0,0.999,4.995,,0xcbedd77e9c0639678bbd4187bdeb50d279589fc3b354f1a547a821437fcfd332,False
0x373f307a311cfb5e9fc7383e155f3cc79d0e1878,333blacksea,N/A,2026-06-17T23:50:02+00:00,BUY,No,6071.27,0.001,6.07127,,0x0d5b51af9e5e67d73351864e1af95adb1e763c4ab6dbff5b230e654894cb55ac,False
0x25257a6a89dba93dd0c536b6279365632a4eb919,Trading4Fridge,N/A,2026-06-17T23:46:52+00:00,SELL,Yes,5789.42,0.999,5783.63058,,0x077ba0686620fd10eeaf2395f2f1770a2c67665197872ef9e353b9cd87a07b5c,False
0x4141ce18db5853c626b4a5b28b4fff965a138249,Wantye,N/A,2026-06-17T23:46:43+00:00,BUY,No,1500.0,0.001,1.5,,0x074b862308b2d6b67b4c207c5aac1fe245c46a2283f409e5e23ff153c62a94c7,False
0x144e019d576f112fa767cc77240b98a7f31e5e08,newstrat,N/A,2026-06-17T23:46:23+00:00,SELL,Yes,62.16,0.999,62.09784,,0x5d6567c8254f17a018254648c082904a5958812b10b7cb4c812ffc4d170b742c,False
0x793ed200a1e8344d608a17763d9cb8773b3643bf,Letradeuur,N/A,2026-06-17T23:46:23+00:00,SELL,Yes,38.1,0.999,38.0619,,0x3dfce10b14741291cf90586a9150e6f9f2fd9739949d5d326d3a7cc571ab1c33,False
0x71bd821b2c823cf67ed329abbb6a05d3ab9eac00,jordannnnnnnn,N/A,2026-06-17T23:46:23+00:00,SELL,Yes,39.71,0.999,39.67029,,0x0cf15eda01116fc430dcb398995d1b2cacb4367b14241959241ca0a6d69f99ed,False
0xa3c7c8c3c49427d840f7e62e46d202fae2a53e1f,compteeeee6,N/A,2026-06-17T23:46:23+00:00,SELL,Yes,32.63,0.999,32.597370000000005,,0x25d1281fe5a8c1c8f786a7a96eea61abc179d220be61823d282c6f75062fc473,False
0x5a892cefe9c01ed049d8e5193136abaf5808c186,cestledeuxieme,N/A,2026-06-17T23:46:23+00:00,SELL,Yes,32.08,0.999,32.04792,,0x9c1b5ef37b51a7cddc136836a2a3776fa960275fa7d1baa756766a6814cc2cf4,False
0xab80b7d9647c3c837e2306afc9851e029b2bf3d8,0xab80b7d9647C3c837E2306Afc9851E029b2Bf3D8-1781185461933,N/A,2026-06-17T23:46:22+00:00,BUY,No,1000.0,0.001,1.0,,0xb4a7975862552e2b86e33d9bc6bf23fa7039a43f07a1606b87a6c9873d011356,False
0x35e36faa4cf1488d120580302ed1d149be749188,0x35e36FaA4cf1488D120580302Ed1d149bE749188-1775509899044,N/A,2026-06-17T23:45:34+00:00,BUY,Yes,209.29,0.999,209.08070999999998,,0xe7553872c1bc7e5b7203b91547d65ecb1a544607e527c03575adb13bfaac5f12,False
0x4da9074e692d616114e5fc4ca0a78e7551443f5d,,N/A,2026-06-17T23:45:32+00:00,BUY,Yes,5.005005,0.9989998011989998,4.999999,,0x288ecd9973c47fd82208160f84cce3ce8e28cb999f34f9df4010ea43bf38f1ba,False
0xfeb62967b03452ab34a1d4cba0c8207037655f3a,,N/A,2026-06-17T23:45:31+00:00,BUY,Yes,1.5015,0.998999666999667,1.4999980000000002,,0x82850bcd9fbbd9c04142df32a28afe29d963a3e0918ce4de47666fb94a7d38bb,False
0x72bbbbaaf12a529e0afed34ae77dac30f89eef39,CondeDeBelloch,N/A,2026-06-17T23:45:31+00:00,BUY,No,291318.55,0.0019634863622656367,572.0,,0x5e30e64677fe630dce278053087ef375f81ad406611989f09c931d8ba65ea30a,False
0x8ebfdc251c6c378d4a3a54a8f15cebfa4b9183ce,Ordon,N/A,2026-06-17T23:45:28+00:00,SELL,Yes,500.0,0.999,499.5,,0xd68b284fdd0a152dc9f1738eaf904cc9bece6f71bef716af907c971e3d37b9e6,False
0xc4eaee3cdd1e20a75209250dc8c67a6d180262c5,,N/A,2026-06-17T23:44:59+00:00,BUY,Yes,189.71,0.999,189.52029000000002,,0x866f1d3de2f2be00a428a0571987da554d252f4e553bb483d5c1b8a5452e91aa,False
0xeb991e7db3b824daacdccec2918deff01f260730,LPfarmerRicardoH,N/A,2026-06-17T23:44:47+00:00,SELL,Yes,400.0,0.998,399.2,,0x704f950cf0ec071b79a3e65dcaa2da519c499763abc500e8726c83e3f2be2478,False
0xd9c439483d51c30a816efd642d1dcf841825a723,0xd9C439483d51C30A816Efd642D1dCf841825A723-1780339038300,N/A,2026-06-17T23:44:22+00:00,BUY,No,26032.79,0.001,26.032790000000002,,0x53b9c3dd7fbd631a6513895216af678b15efbe72eedd14b2da49fdbc4b2f9c44,False
0x8ebfdc251c6c378d4a3a54a8f15cebfa4b9183ce,Ordon,N/A,2026-06-17T23:44:17+00:00,SELL,Yes,4000.0,0.999,3996.0,,0xc6259712b20e6a836c302fb56ebdc6edc89747ac561311436017ba4a8443e26e,False
0x3746d575f37f1208fd3e6d891bd5ec1a3214ffa1,i73ywwrz0afw,N/A,2026-06-17T23:43:35+00:00,SELL,Yes,1.55,0.999,1.54845,,0xef21a6282d4a7cb85d4a88cee0528f44e8f9bfd46338284d78d43831bee64525,False
0x144e019d576f112fa767cc77240b98a7f31e5e08,newstrat,N/A,2026-06-17T23:43:32+00:00,SELL,Yes,39.79,0.999,39.750209999999996,,0xf68c90d1bab951c7dcacfc1bee89768b6fcf7c25c2417b8ac257779f8d60cece,False
0x793ed200a1e8344d608a17763d9cb8773b3643bf,Letradeuur,N/A,2026-06-17T23:43:31+00:00,SELL,Yes,24.39,0.999,24.36561,,0x84462f2c7eec357a8abb14b88eff171aad6d4e903040595c7a6a151763e7c518,False
0xb483d5718da4ac6f2aa39dc933f2043c5a3a0880,Jordannnnnnn,N/A,2026-06-17T23:43:31+00:00,SELL,Yes,25.2,0.999,25.174799999999998,,0x7856b7fa75802472276cda7e76f2ed540ca20ee2e450d2d1ea8e23af4157475b,False
0x096be54513c08d731e6ffd587372e4159447bf95,WageringGrandma,N/A,2026-06-17T23:43:28+00:00,BUY,No,4000.0,0.001,4.0,,0x524cdb30f93bdadb34c2ca6f713b01ec4d74e345faedd7119d8f1e81f39e9449,False
0x096be54513c08d731e6ffd587372e4159447bf95,WageringGrandma,N/A,2026-06-17T23:43:20+00:00,BUY,No,1000.0,0.001,1.0,,0x7cad60c972de30875c472ea83e44ff9971b115c9fa393b35dcee11b4e02b9123,False
0x71bd821b2c823cf67ed329abbb6a05d3ab9eac00,jordannnnnnnn,N/A,2026-06-17T23:42:41+00:00,SELL,Yes,25.41,0.999,25.38459,,0x3c2c6fa83edc29fc866ea6602c574ebd74eed1c42e0dc84703cd76c43aae6cfa,False
0xa3c7c8c3c49427d840f7e62e46d202fae2a53e1f,compteeeee6,N/A,2026-06-17T23:42:41+00:00,SELL,Yes,26.1,0.999,26.073900000000002,,0xc8ff0f4de3a5ce4d220a87de749d9d0a0f20f929b6f643ba2dadebbfd41a0897,False
0x5a892cefe9c01ed049d8e5193136abaf5808c186,cestledeuxieme,N/A,2026-06-17T23:42:40+00:00,SELL,Yes,7.45,0.999,7.44255,,0x7d0667ba1f3c515da439d8fc809dcd78175892db06c80911be2d46218b6b1130,False
0xb483d5718da4ac6f2aa39dc933f2043c5a3a0880,Jordannnnnnn,N/A,2026-06-17T23:42:38+00:00,SELL,Yes,24.39,0.999,24.36561,,0x0923cdce32bf877a6470aba5a4741f342ccad36a88cd2652245bf4d585d09256,False
0xb3c6956c962125c727ad3d9c512a4e36b64f9059,AFMorice,N/A,2026-06-17T23:42:38+00:00,BUY,No,5000.0,0.001,5.0,,0x75147453a0afe782bde36c5b46645755f1ac27bde6ed501658060948d1ccfae5,False
0x793ed200a1e8344d608a17763d9cb8773b3643bf,Letradeuur,N/A,2026-06-17T23:42:37+00:00,SELL,Yes,24.39,0.999,24.36561,,0xd78eba7ac95b50f0bd088cf790216b349af8b61b4ab5100199468246b8f97586,False
0x144e019d576f112fa767cc77240b98a7f31e5e08,newstrat,N/A,2026-06-17T23:42:35+00:00,SELL,Yes,31.84,0.999,31.80816,,0x99970e4b1f0c485fa67bfaa299747436775434bb6f3930e3e6620a6441553bc9,False
0x16bd7cc71f6da1e77d1d8255677abc75b9bae288,ddalkkak,N/A,2026-06-17T23:42:32+00:00,BUY,Yes,106.27,0.999,106.16373,,0x2fb6c31b0701cd7eb34d5dfd3d63057deffcaba271922fc06ce93c3c35bcd88b,False
0xe5105e9b09817e376c249ab9d2abb7df0183b8bc,tooizera,N/A,2026-06-17T23:42:25+00:00,BUY,No,3500.0,0.0019572714285714284,6.8504499999999995,,0x32ee7279fce21dae7252c2134154399c73412705c55470df1369bbf579db5a2b,False
0xd9c439483d51c30a816efd642d1dcf841825a723,0xd9C439483d51C30A816Efd642D1dCf841825A723-1780339038300,N/A,2026-06-17T23:41:14+00:00,BUY,No,20000.0,0.001,20.0,,0x030b8e2d2756db2fc0824491d0eb2c4c53196f907f7f47063c113d92c542273a,False
0x71bd821b2c823cf67ed329abbb6a05d3ab9eac00,jordannnnnnnn,N/A,2026-06-17T23:40:55+00:00,SELL,Yes,20.32,0.999,20.29968,,0x4699d5d962d787e20f1c0face548e0c6e7ba47805703c0a137ee05a8e9e2c430,False
0x144e019d576f112fa767cc77240b98a7f31e5e08,newstrat,N/A,2026-06-17T23:40:55+00:00,SELL,Yes,31.83,0.999,31.79817,,0x508db20e48d28dc91e9d5f9748d144412bda4f6c9c835fd73846f146845f0ea7,False
0xa3c7c8c3c49427d840f7e62e46d202fae2a53e1f,compteeeee6,N/A,2026-06-17T23:40:53+00:00,SELL,Yes,20.88,0.999,20.859119999999997,,0xb72e2845ed1dda3bb01f824a342e3f98c902d5278fcd46486805702d0f9034f4,False
0xb483d5718da4ac6f2aa39dc933f2043c5a3a0880,Jordannnnnnn,N/A,2026-06-17T23:40:53+00:00,SELL,Yes,20.16,0.999,20.13984,,0x96f451b70a8484755ae1745794e644ad2bf589a5409c05f2910904a97bb85074,False
0xf0d5eb1cbe7350f1f896ade6c172e6700414c665,yen4u,N/A,2026-06-17T23:40:52+00:00,SELL,Yes,1000.0,0.999,999.0,,0xd728716bc77643646fd5dfc1b84ae0cdc6cb56857a698f7b329c0b41d34192f1,False
0x7b0b3850eb4a00289a6e00097bc4daeec39cc3df,vtat,N/A,2026-06-17T23:40:44+00:00,SELL,No,20.89,0.001,0.020890000000000002,,0xacdca26500cae8b4141428ab742b8bf552d75aa6d8c10042ae95bc4af78a4d77,False
0x2200b75c27835935a40308779b5656c09ab40f2d,BeanC0unter,N/A,2026-06-17T23:40:20+00:00,BUY,Yes,30000.0,0.999,29970.0,,0x67c3b40bdcc0d63ce3e263b780db74bf54e28b894afc7f188e18662e21df0466,False
0xbb4d7631ef55f069f28b5441c500f035deaed388,kimmy92,N/A,2026-06-17T23:40:01+00:00,BUY,Yes,1.001001,0.998999001998999,0.9999990000000001,,0xdc70ebb1ae0b00d2fc3898c198a14b932fe0561351126021751fa3f1d6ecbdd4,False
0x8d9b486e283a5667be77ac606a7ea657ab272b32,mandenudennavn,N/A,2026-06-17T23:39:29+00:00,BUY,No,128635.185,0.001114547314562497,143.36999999999998,,0x48fbb659b91b15884c02cba53232c99bb7a333c4b089c193f905405544ca6ee3,False
0x144e019d576f112fa767cc77240b98a7f31e5e08,newstrat,N/A,2026-06-17T23:39:07+00:00,SELL,Yes,5.26,0.999,5.25474,,0x72a762a4ea4b569da381bed9436eca3011f782b54f66898d808ef31216ff3f89,False
0x793ed200a1e8344d608a17763d9cb8773b3643bf,Letradeuur,N/A,2026-06-17T23:38:53+00:00,SELL,Yes,19.51,0.999,19.49049,,0xa4e5c70baa6d6c0c37998480e92e6a05e79ee1e3375985664716e42cdcdcb7d0,False
0x615346ac3277f46c5282bd7eb20fc496d55144ab,clem913,N/A,2026-06-17T23:38:53+00:00,SELL,Yes,28.78,0.999,28.75122,,0xeacca8479817be549cf5425f6a4870401eba2f521a91d2fdbc223e0b6cfe9fc8,False
0x1987733c8beae675c544752eafe437968efe6487,jordan0073444,N/A,2026-06-17T23:38:52+00:00,SELL,Yes,20.38,0.999,20.35962,,0x657d84e73667a64ff08cf3acf54390cc3dda45088fafeaab6f5dad314c493019,False
0x144e019d576f112fa767cc77240b98a7f31e5e08,newstrat,N/A,2026-06-17T23:38:52+00:00,SELL,Yes,20.19,0.999,20.169810000000002,,0xe3d0ff944f3ad16dc8d676ab567556a075c4af7635aa4946de017abc1854c935,False
0x71bd821b2c823cf67ed329abbb6a05d3ab9eac00,jordannnnnnnn,N/A,2026-06-17T23:38:52+00:00,SELL,Yes,20.32,0.999,20.29968,,0x31777d243967746f5a69a1d8c8153eb44bee3befa2f0d21a06652a5c6fdf59f9,False
0x5a892cefe9c01ed049d8e5193136abaf5808c186,cestledeuxieme,N/A,2026-06-17T23:38:50+00:00,SELL,Yes,20.19,0.999,20.169810000000002,,0x2ef93ac40de834cbeb25ac18a755212e08718dbd0aa3a3cd62df831a360a698e,False
0x8fd31eada76c5c93b206b7f38d33fd9bfde025d4,6e1d9e67af28,N/A,2026-06-17T23:38:50+00:00,BUY,No,1000.0,0.001,1.0,,0xa630bdd1567ac8582498da40cb8c331cbd52cd062423e5e97cedf70390d884ea,False
0xb85319803fd7735a67730f73060d6d18cf7f816b,0x0cE066783C5bb7951724B0CBe6Cd00566c317A5E-1777495195914,N/A,2026-06-17T23:38:50+00:00,BUY,No,14420.0,0.001,14.42,,0x3c5db3dbc8fd0f321458801618f019b5e24a483f278dfdc3892d9a675e1fb2fc,False
0xb483d5718da4ac6f2aa39dc933f2043c5a3a0880,Jordannnnnnn,N/A,2026-06-17T23:38:47+00:00,SELL,Yes,20.19,0.999,20.169810000000002,,0x12a0f293dcc4cdbe458f186f85e3d65782634fc1f3ce97256b3e24b3a441b993,False
0x7b0b3850eb4a00289a6e00097bc4daeec39cc3df,vtat,N/A,2026-06-17T23:38:40+00:00,SELL,No,139.19,0.001,0.13919,,0xeb8f883c15b591214d4ef1fa4f917cb87b33a6551ff8aadc6bddc099c4f0a671,False
0x3746d575f37f1208fd3e6d891bd5ec1a3214ffa1,i73ywwrz0afw,N/A,2026-06-17T23:38:32+00:00,BUY,Yes,1.55155,0.9989997099674519,1.549998,,0x730d59a7296fc1c64f19c9e5823bae1ca07d8dca15f0996fb19a9fdce54eb80b,False
0x65649fc779c66dec9d2bb48edea367b06b6f47ce,q27n8hk3rnkr,N/A,2026-06-17T23:38:32+00:00,BUY,Yes,10.010009,0.99899990099909,9.999998,,0x1617575d3ca62f02ed0ca76d0a897f39238c0622d315fe43b5d246a8a9ebb950,False
0x7b0b3850eb4a00289a6e00097bc4daeec39cc3df,vtat,N/A,2026-06-17T23:38:29+00:00,BUY,No,82903.7,0.001,82.9037,,0x582483335948510803a644f04ae2828fc0dd629ca69948119abfd11792afc25c,False
0xd599e94c4657105b813d33e0e81f7b4d0ed46a46,helsale,N/A,2026-06-17T23:38:11+00:00,BUY,No,3000.0,0.001,3.0,,0x4260dd2c704d1303e9c2d86c22e384f9e6baa18f7fbc5a6e01d57e9654f11890,False
0xcb8496cc199dc54e52d4581fe232fd0c686f8bbd,fh9e072h,N/A,2026-06-17T23:37:37+00:00,SELL,Yes,782.45,0.999,781.66755,,0x7955a1df40d8471a02c946a37351affa64e07e7e6097c6dc3b644fa849e1acf1,False
0x60eb7519cf627798f8846f27762adba5d6a9a68d,bingolin,N/A,2026-06-17T23:37:25+00:00,BUY,No,1000.0,0.001,1.0,,0xd223ecbcdf2cf151c51ae6adeb9e646bbb2dd47c9a8617ccf8009d6ad71da0ba,False
0x759b8e57d9e716fa12f82e3ce48a8b954b243695,0x759B8e57d9E716fA12f82E3Ce48A8B954B243695-1768939064065,N/A,2026-06-17T23:37:19+00:00,BUY,No,1000.0,0.001,1.0,,0x0e3fe0bb981bf4639cc939081ee9147b35daee93f94428d1402410773767e5c6,False
0x371c06460bce086dabe68c755747fb96f11b071d,0x371C06460BcE086dAbE68C755747Fb96f11b071D-1776575373499,N/A,2026-06-17T23:36:41+00:00,BUY,No,3000.0,0.001,3.0,,0xc9903237e1c2b645ab61058551a67202dbfe76ba20d7adda3d55603274683967,False
0xfef4edf8c1a76e66ff065081a136c9bfeef429bd,0xfEf4eDf8c1A76E66FF065081a136C9BfEeF429bD-1781309546043,N/A,2026-06-17T23:36:07+00:00,SELL,Yes,6000.0,0.999,5994.0,,0x280f608c5564fddfbd48e54521a1a0e47f1b8f3e847ff935b1be63e43c937063,False
0xee3398dedf4938257667d019dc95d6b7203954f2,0xEE3398dEdF4938257667D019DC95d6B7203954f2-1772566592430,N/A,2026-06-17T23:36:01+00:00,BUY,No,19980.88,0.001,19.980880000000003,,0x74468ab2c184d866bdbec85f191e5e5d3d4413e71d4f3d3f37365046e8f15972,False
0xe50427b098bb6cf928b3389d989992a841bf7776,lagrancuenta,N/A,2026-06-17T23:34:43+00:00,BUY,No,5000.0,0.001,5.0,,0x8183e3d1cc61b891dedea08c1d3bec131ca517f5244a6a24539148d41d568de3,False
0xfef4edf8c1a76e66ff065081a136c9bfeef429bd,0xfEf4eDf8c1A76E66FF065081a136C9BfEeF429bD-1781309546043,N/A,2026-06-17T23:34:13+00:00,SELL,Yes,2500.0,0.999,2497.5,,0x65ffaae9c3ed40436bda56c53e4d0d59d78a788db2141421ecb2f063e0596ea9,False
0xd9c439483d51c30a816efd642d1dcf841825a723,0xd9C439483d51C30A816Efd642D1dCf841825A723-1780339038300,N/A,2026-06-17T23:33:56+00:00,BUY,No,60000.0,0.001,60.0,,0x9fa442b1d5739043559de5d5b5c268a247d451f18901d53ce67eef63e153a892,False
0x6c1e2dcceb5d05f688a54aaf6ea0f799e81507fa,0x6c1e2DCceb5D05F688A54aaf6EA0f799E81507Fa-1781717742257,N/A,2026-06-17T23:33:53+00:00,BUY,No,1000.0,0.001,1.0,,0x7fe64c95924ff7aa5b01712419c7aefc7ef37aceb92079cc7a5b2d604131b0be,False
0x95074f700f93bdf6e62fc965e0832064c0877b04,95074f700f93bdf6e62fc965e0832064c0877b04,N/A,2026-06-17T23:33:04+00:00,SELL,Yes,1000.0,0.999,999.0,,0x98e2a327c502fb31d8b4b4a391a7818b49a420d72353d50bcc44f785617f4def,False
0x71bd821b2c823cf67ed329abbb6a05d3ab9eac00,jordannnnnnnn,N/A,2026-06-17T23:32:55+00:00,SELL,Yes,20.32,0.999,20.29968,,0x69a79bc249a4eeef00da07b3450fc5cd2fb861dea73f558e7717764d79c7c36b,False
0xa3c7c8c3c49427d840f7e62e46d202fae2a53e1f,compteeeee6,N/A,2026-06-17T23:32:55+00:00,SELL,Yes,20.88,0.999,20.859119999999997,,0xe1ef7e4dc3011606f012ae433e19436c4ed1d6f68ffe36e8db6b37fae9ee88f0,False
0x1987733c8beae675c544752eafe437968efe6487,jordan0073444,N/A,2026-06-17T23:32:55+00:00,SELL,Yes,20.38,0.999,20.35962,,0x5136c2433d2ea0bbf969cfb4f93e6864cd8537fa035ebd78b3d19c91c0637f04,False
0xb483d5718da4ac6f2aa39dc933f2043c5a3a0880,Jordannnnnnn,N/A,2026-06-17T23:32:55+00:00,SELL,Yes,20.16,0.999,20.13984,,0x6757a1d3d21466d360ae0f025d35692d12aa69631678d2afe4943162765e6a50,False
0x615346ac3277f46c5282bd7eb20fc496d55144ab,clem913,N/A,2026-06-17T23:32:55+00:00,SELL,Yes,28.78,0.999,28.75122,,0xda9810da2af074d226b36ed1e951f482c5859ffe20d9617f291f9a5d103ece60,False
0x793ed200a1e8344d608a17763d9cb8773b3643bf,Letradeuur,N/A,2026-06-17T23:32:55+00:00,SELL,Yes,19.51,0.999,19.49049,,0xf2b2c47f64d1569e6e05fd021cd19e1a9ddeb435b9b9bfab3d481bc4c0a384bc,False
0x144e019d576f112fa767cc77240b98a7f31e5e08,newstrat,N/A,2026-06-17T23:32:53+00:00,SELL,Yes,20.37,0.999,20.34963,,0xce5d019bfbb067bcbda45516659f86aa40559da4b20f996f56b5626f2322c3be,False
0x2a36589e48406e41b68fda06ecb205541c722450,FutureOverDopamine,N/A,2026-06-17T23:32:52+00:00,BUY,No,100000.0,0.001,100.0,,0x505d78096f2575dcfc696a471ad389b22967787ceb7d8183af27edb7fc2d7207,False
0xe393f6261f9b0d7afc99d90dad1482269b5932c8,hyped2,N/A,2026-06-17T23:32:47+00:00,BUY,No,1000.0,0.001,1.0,,0x6493c43be53d05058267a3363367abe50a90cdd2e4503cfd4e6e9682b71fb751,False
0x25bf083ebca1198f7948f9bdbd7bb45c8bbf083f,Typhooooon,N/A,2026-06-17T23:32:40+00:00,BUY,No,8000.0,0.001,8.0,,0x6d0473693ea3b6991e169c7f8c82adb53b301f5e21167f735ad3c2812b18a043,False
0xb3c6956c962125c727ad3d9c512a4e36b64f9059,AFMorice,N/A,2026-06-17T23:31:28+00:00,BUY,No,124060.0,0.001,124.06,,0x9f6ece7f58328b640ac0cff1ef5c82de34238c18c8c23432bf6a5289ae4104ba,False
0xf15f4ff6d8ac89a83e0396446b3fe34de3c3c75d,wan0520,N/A,2026-06-17T23:29:47+00:00,SELL,Yes,1.96,0.999,1.95804,,0x9c18a789023bf9bf9b4eb6d75a94b580142d04336b845ee435627ff38ecb4345,False
0xe496516f6aecb72f0a653412148e6b3268a674df,Verniy,N/A,2026-06-17T23:29:05+00:00,BUY,No,3000.0,0.001,3.0,,0x39d604d48b1bce3bd3e8a7b274fd858915437986251dd24386c53a1f7259bf0f,False
0x8a9fe2657238cfce2e3a078bc01ca49bd093e03b,0x8A9FE2657238CFcE2e3a078BC01cA49Bd093E03b-1771802991326,N/A,2026-06-17T23:26:38+00:00,BUY,No,10000.0,0.001,10.0,,0xe886399eefbe94e0930f4fa636638e8a827243004861370e88451b4f9749e93c,False
0xe843fb45740e5e12395ee73d9d2b5e873cd3fd58,7nty9,N/A,2026-06-17T23:25:47+00:00,BUY,No,1000.0,0.001,1.0,,0xa1a4135b8692e7c0e5e713430c88f206fe06e09b5b6680cbbb187d8340a8ebc7,False
0xfef4edf8c1a76e66ff065081a136c9bfeef429bd,0xfEf4eDf8c1A76E66FF065081a136C9BfEeF429bD-1781309546043,N/A,2026-06-17T23:25:43+00:00,SELL,Yes,20600.0,0.999,20579.4,,0x556cebc5f949acfb195866ec3dca87fbd6212bec68aec958a025340ca8281637,False
0x72e224ef07712bcbfef0179e6641c641567a71d6,Bloom69,N/A,2026-06-17T23:25:02+00:00,BUY,No,5000.0,0.001,5.0,,0xc4c13c02096731ebc0e07f731a12a6fabfc4cb8018b8e870edb36d7c9a575074,False
0x6c1e2dcceb5d05f688a54aaf6ea0f799e81507fa,0x6c1e2DCceb5D05F688A54aaf6EA0f799E81507Fa-1781717742257,N/A,2026-06-17T23:24:58+00:00,BUY,No,1000.0,0.001,1.0,,0xcb5d4d269d86c184fd2d15ab5bd0839200c262ff1ccaa4c49fd52a96002e51c0,False
0x60eb7519cf627798f8846f27762adba5d6a9a68d,bingolin,N/A,2026-06-17T23:23:26+00:00,BUY,No,5000.0,0.001,5.0,,0x1d08ec24e5cf15bee3dbbcb708f123dd2bbb2757aee6a4a35cce969fde573e1f,False
0xd9c439483d51c30a816efd642d1dcf841825a723,0xd9C439483d51C30A816Efd642D1dCf841825A723-1780339038300,N/A,2026-06-17T23:23:22+00:00,BUY,No,33000.0,0.001,33.0,,0x704e463601310e1f7de617ce04f9167ec40312f40248d8fe2138aff3c1373118,False
0x2014eb882e1454c8b1841b226da3ced1001d54ec,rodolfoliv,N/A,2026-06-17T23:22:26+00:00,BUY,No,11000.0,0.001,11.0,,0x18253d5783552bfbf36549ded77caff0479e61a171d2aff78a7715078e42d419,False
0x2014eb882e1454c8b1841b226da3ced1001d54ec,rodolfoliv,N/A,2026-06-17T23:21:59+00:00,BUY,No,50000.0,0.001,50.0,,0xaa0be0071a79e1a23401ce7c60e102f3574f578220a897f21480ddd1b709a554,False
0x60eb7519cf627798f8846f27762adba5d6a9a68d,bingolin,N/A,2026-06-17T23:21:53+00:00,BUY,No,5000.0,0.001,5.0,,0xd905c00c07ba0347201142247211ff0faee40b5844a81e22be5c213d148c8964,False
0x815d651968edac636efd5055801f66b973bd8648,0x815d651968eDac636EfD5055801f66b973BD8648-1772752911342,N/A,2026-06-17T23:21:22+00:00,BUY,No,5000.0,0.001,5.0,,0x64fb6a609f3f06fd2ef7c4beb2c0fe6097f19752c2a30d0ffe9da76a3af616f0,False
0x2ca5533804d8a25f3be0dd2558133cb943fdce70,librelazare,N/A,2026-06-17T23:20:49+00:00,BUY,No,1000.0,0.001,1.0,,0xd6fa214603e991cc5eb6c8ad90d206f5407472c6b9f7ff1ad89475fbf468393a,False
0x60eb7519cf627798f8846f27762adba5d6a9a68d,bingolin,N/A,2026-06-17T23:20:34+00:00,BUY,No,1000.0,0.001,1.0,,0x2660fc78c0e96b66b61e1823f0748fd384e420a902bea009ad37fa24cab694c5,False
0xcdae0762e8281e6fb40bd14b0d69471d6a0dc02e,Plunder,N/A,2026-06-17T23:20:04+00:00,BUY,No,4000.0,0.001,4.0,,0x4767644b6ba754011aa2f689937cf3f8ec071958969395e330c2ed59d39c98f7,False
0x39af5bacbfb8a250d2c95854b7de96992e65add6,K200,N/A,2026-06-17T23:19:49+00:00,BUY,No,1000.0,0.001,1.0,,0x868fcbfe469d6ce70905ddbe33588887d444d2eff003d14a83de227065f52a98,False
0x64c0dd11876d46f1308d95bd4b9c9816dd82cda0,0x64C0dD11876d46F1308d95Bd4b9C9816dd82CdA0-1780362464908,N/A,2026-06-17T23:19:44+00:00,BUY,No,4460.0,0.001,4.46,,0x30a7788da3f73501cef601f89fdb7e3ae9696fd5e3866fa121b286c613e50c5f,False
0x8823a1d3ed496687b5197bade50624b010fe8c77,0x8823a1d3ed496687B5197bADe50624B010fe8c77-1779539095549,N/A,2026-06-17T23:18:59+00:00,BUY,No,1000.0,0.001,1.0,,0xe8cce341a090b1925bd061a6827065ca25a1cdba4e6c325f67557876b8002f6d,False
0x60eb7519cf627798f8846f27762adba5d6a9a68d,bingolin,N/A,2026-06-17T23:17:43+00:00,BUY,No,1000.0,0.001,1.0,,0x9bfd4f2779a1fc9c626420a2ff283d2821d1991c11dba79f8c382fd39684aaec,False
0xcdae0762e8281e6fb40bd14b0d69471d6a0dc02e,Plunder,N/A,2026-06-17T23:17:16+00:00,BUY,No,1000.0,0.001,1.0,,0x698b4af1bc435ce04ce16bf4f11546273190068b00e1445c23d6f709e1f30e8e,False
0x84d58a5dd3331522a4557b5f57454946f2a36bd9,0x84d58A5dD3331522A4557B5F57454946f2a36BD9-1781546964553,N/A,2026-06-17T23:17:05+00:00,BUY,No,1000.0,0.001,1.0,,0xc31133a9b9591d2f3ef53069d92280cde6fa8b79b36fb0f208d3b5be8d56cffe,False
0xe496516f6aecb72f0a653412148e6b3268a674df,Verniy,N/A,2026-06-17T23:16:58+00:00,BUY,No,2000.0,0.001,2.0,,0x85817404d1b740afb572593a436854ae7d049f093d8940a08d6adecd9bb27040,False
0x60eb7519cf627798f8846f27762adba5d6a9a68d,bingolin,N/A,2026-06-17T23:16:28+00:00,BUY,No,1000.0,0.001,1.0,,0xeffe5be7160342de074b37e2741cb19c42962e38c8e915766ac35c5818696eba,False
0x144e019d576f112fa767cc77240b98a7f31e5e08,newstrat,N/A,2026-06-17T23:16:22+00:00,SELL,Yes,20.37,0.999,20.34963,,0x1cbee472ca638f7a9e21383add8c77f3eb799bfefc710fb1629c97e28e2c24fd,False
0x1987733c8beae675c544752eafe437968efe6487,jordan0073444,N/A,2026-06-17T23:16:20+00:00,SELL,Yes,20.38,0.999,20.35962,,0xea1df28525bef6373c27e505b84f871bcdfa4e8cacf41f04ab0a6f6e7c5f641f,False
0x5a892cefe9c01ed049d8e5193136abaf5808c186,cestledeuxieme,N/A,2026-06-17T23:16:20+00:00,SELL,Yes,20.53,0.999,20.50947,,0x653689d58c688107cc03149cc231de0a0c5cd9cb1e120684c052b7eec7e31912,False
0x2014eb882e1454c8b1841b226da3ced1001d54ec,rodolfoliv,N/A,2026-06-17T23:16:19+00:00,BUY,No,30000.0,0.001,30.0,,0xed637b8a7b0b5e353dfbd832e617aee4b8f3d4ddb9a69d7e589d6bf355bc0e84,False
0x4e8a2c535b41fbfe29c6af856bb93ff40b8dbd2b,Lbmtl,N/A,2026-06-17T23:16:05+00:00,BUY,No,20000.0,0.001,20.0,,0x32f56175c083176acb15da5eed48971effe73a612f6696dba59a260abf3f3adb,False
0xc95544b2b316862d050a7156956d7a2ce5c2edb7,Nixter1997,N/A,2026-06-17T23:16:04+00:00,BUY,No,2000.0,0.001,2.0,,0x0faaf35475720f1246af3288817dce627b932b0e42e1011eb338f790e326528a,False
0x2014eb882e1454c8b1841b226da3ced1001d54ec,rodolfoliv,N/A,2026-06-17T23:15:07+00:00,BUY,No,9000.0,0.001,9.0,,0x38f31e1941306ac5b396623abb876a03843c81c7c6d5c7e3d203af94a5e8fa41,False
0x71bd821b2c823cf67ed329abbb6a05d3ab9eac00,jordannnnnnnn,N/A,2026-06-17T23:14:14+00:00,SELL,Yes,0.13,0.999,0.12987,,0xcc76bbba558c803e993b74ccda28e30c92bdbafc9d0537b536390227dcd53e9c,False
0x793ed200a1e8344d608a17763d9cb8773b3643bf,Letradeuur,N/A,2026-06-17T23:13:53+00:00,SELL,Yes,19.51,0.999,19.49049,,0x3ac3b7695b31855c4f042fc54121b9ee7a5a4f81000efcbd33875e62eb2a9112,False
0xb483d5718da4ac6f2aa39dc933f2043c5a3a0880,Jordannnnnnn,N/A,2026-06-17T23:13:50+00:00,SELL,Yes,20.16,0.999,20.13984,,0x285a1c39bf18aa983764f78de39f789c12a65a238bbfc64edff362f8e953f244,False
0xa3c7c8c3c49427d840f7e62e46d202fae2a53e1f,compteeeee6,N/A,2026-06-17T23:13:50+00:00,SELL,Yes,20.88,0.999,20.859119999999997,,0xc07eafab0e045bdd7e2c3eba6e2b6b3efb22d1bc8a7d52d4909ad33e17a2e641,False
0x67461f3b3e62a56ce9c67fdc6df76a964df86641,GABRIEL12344,N/A,2026-06-17T23:13:49+00:00,BUY,No,9500.0,0.001,9.5,,0x3d5d1868108ee8ce242c99db303ed385c2ae6b77642ac6c4d1ac1cdaf87959f7,False
0xcdae0762e8281e6fb40bd14b0d69471d6a0dc02e,Plunder,N/A,2026-06-17T23:10:32+00:00,BUY,No,2000.0,0.001,2.0,,0x460a90981c1d09966b45a60fe20b86e065ae5c685664a4ba7aa2a06bfc26bf7f,False
0x50f24b41ce0195c4ef3ef0afc558e1b8c81f7598,reborn111,N/A,2026-06-17T23:10:26+00:00,BUY,No,1000.0,0.001,1.0,,0x9102ffe0990fbf1a60939b4951607d8f291df301f8884b3201c18d56aece8ed8,False
0x899bbe65b2bed249f0de79106552030626967919,0x899BBe65b2BED249F0de79106552030626967919-1759941006119,N/A,2026-06-17T23:09:37+00:00,BUY,No,14500.0,0.001,14.5,,0x5fae5bfc6edf3f14345fb4db32de7cf201c57fe95b452688e537d2e45d949393,False
0x71bd821b2c823cf67ed329abbb6a05d3ab9eac00,jordannnnnnnn,N/A,2026-06-17T23:09:11+00:00,SELL,Yes,20.66,0.999,20.63934,,0xadfd6b2ea37afa2176d6f9d55628f852bc1e0a016697bc28eb26f24d7909c5d5,False
0x144e019d576f112fa767cc77240b98a7f31e5e08,newstrat,N/A,2026-06-17T23:09:11+00:00,SELL,Yes,20.37,0.999,20.34963,,0x6968bb8fb7d3aeef78f5408d30e25e1226b259ded17ce972f7f287bd7ea3ce5e,False
0x5a892cefe9c01ed049d8e5193136abaf5808c186,cestledeuxieme,N/A,2026-06-17T23:09:10+00:00,SELL,Yes,20.53,0.999,20.50947,,0xe0be3d5dcb9384668041d6295c4a3067b235d730e214b030e0af35a3b5ed2440,False
0x1987733c8beae675c544752eafe437968efe6487,jordan0073444,N/A,2026-06-17T23:09:08+00:00,SELL,Yes,20.38,0.999,20.35962,,0x9977c4922f9382262a82ae3e94b84a9dee2205db218892ebad4d8e3c2c7d82ae,False
0x3b06ebdf208baeb617f0546720b09bb79cfd3489,Memento.Mori,N/A,2026-06-17T23:09:07+00:00,BUY,No,10300.0,0.001,10.3,,0xdc132eae793beaa0b125ed08c2677394923168362a2f9d505563fb7b7995863f,False
0x69d57cfa1abed351049d0d8de541b33635ce7767,phantomsc,N/A,2026-06-17T23:07:58+00:00,BUY,Yes,21348.85,0.999,21327.50115,,0x8b543a5d86ac388d8af7aa9689e5e5df7fc32f0e4f024da751f51a132703c24f,False
0xd9e100a2043691f670219e5ca5dafb516c803fc9,NumberF1V3,N/A,2026-06-17T23:07:47+00:00,BUY,No,500.0,0.002,1.0,,0xbea24f9fbff55e19586623db74483b5c8144dda298ab8407cb563f73c4dd1935,False
0xcdae0762e8281e6fb40bd14b0d69471d6a0dc02e,Plunder,N/A,2026-06-17T23:06:55+00:00,BUY,No,5000.0,0.002,10.0,,0x0180f674328f16e5305735495fdd07d62d2c849873baa6c5de8d621bd6f58087,False
0x322d700c1dd23c7a6af13ee75680c948f01ad478,manirut,N/A,2026-06-17T23:06:53+00:00,BUY,No,750.0,0.002,1.5,,0x6870596b94155e1cf4b63f213cb7dac49cf036b87e9ca0fdd490dedb89f0f0a2,False
0x5d222aae645eff0c5b24921f584ccea3d5fb59fa,0xe8Ef07305f05013036C413a1dB01EC2B5831E083-1777755888422,N/A,2026-06-17T23:05:50+00:00,BUY,No,500.0,0.002,1.0,,0x3cd30b28349be27d32434bfebaea7264d9d0b1f7d7d3ebbed459b24c9e47a5ca,False
0x84d58a5dd3331522a4557b5f57454946f2a36bd9,0x84d58A5dD3331522A4557B5F57454946f2a36BD9-1781546964553,N/A,2026-06-17T23:04:49+00:00,BUY,No,5000.0,0.002,10.0,,0xf1a28ffe366620eee92fb36327f27105bc0b7af56ee14b981a4b2ed59ccb106c,False
0xbfc3cea55b765185d052c78498ea64c8ab849972,gorizontniyoff,N/A,2026-06-17T23:04:25+00:00,SELL,No,1000.0,0.001,1.0,,0xca72724d2cb26ee6c2a904b8ae859b5e100e17a23e8efe2ef9dcdbe0d57d4c7b,False
0x84d58a5dd3331522a4557b5f57454946f2a36bd9,0x84d58A5dD3331522A4557B5F57454946f2a36BD9-1781546964553,N/A,2026-06-17T23:04:17+00:00,BUY,No,500.0,0.002,1.0,,0x248a77416642532ec64177ec981e5f6dda9af84b454ee2d660418af995888110,False
0xa4005a238c381daa2c3cf6713708aaca17ccb855,Faraz123,N/A,2026-06-17T23:02:59+00:00,BUY,No,1000.0,0.002,2.0,,0xba4c7059383d07c568b1aba5eba172c90192fcb296c5446764dfd1e32ae072d1,False
0x63c83ec7a3849abdd1368988586f02fa1eb17391,0x63C83ec7a3849ABdd1368988586F02Fa1eB17391-1781218127324,N/A,2026-06-17T23:02:37+00:00,BUY,No,5000.0,0.002,10.0,,0x4c4c8765c1a1c9b8957404acfbf4240db93d4c0289c6164b592e21cdcd9b9e66,False
0xb483d5718da4ac6f2aa39dc933f2043c5a3a0880,Jordannnnnnn,N/A,2026-06-17T23:01:35+00:00,SELL,Yes,20.16,0.999,20.13984,,0x9297b73014472f54209e0d45cbb0daac43f640971fdf5274290880c5200f5111,False
0x615346ac3277f46c5282bd7eb20fc496d55144ab,clem913,N/A,2026-06-17T23:01:35+00:00,SELL,Yes,0.5,0.999,0.4995,,0x4ab083bf34d700ba42b46049bb30d7d5e037cc68f4d59f81bddc09a18444f16b,False
0x5a892cefe9c01ed049d8e5193136abaf5808c186,cestledeuxieme,N/A,2026-06-17T23:01:35+00:00,SELL,Yes,20.53,0.999,20.50947,,0x0466f9057604b41deead2f8f7106cfb7be54ad4c41728dd365bdbee979aea54a,False
0x8c7836b270daf59bce721087f41ef10684a413ed,BetterHold,N/A,2026-06-17T23:01:34+00:00,BUY,No,31847.73,0.001,31.84773,,0x0f6544011a3ab5b8269f784f47d8f6a2cbd1861d3c362278394900c0e7d2448c,False
0x43372356634781eea88d61bbdd7824cdce958882,Anjun,N/A,2026-06-17T22:59:23+00:00,SELL,Yes,10000.0,0.999,9990.0,,0x2c025b2b3140021923687e1a0ad0da1c7ad5a681a31ba090268dbe907b5c536b,False
0x0239a93bd7327e656b2e7f6893040a8dfdccbab8,0x0239A93BD7327E656B2e7F6893040a8DfdccbaB8-1775962589263,N/A,2026-06-17T22:59:13+00:00,BUY,No,1000.0,0.001,1.0,,0xfaa7b5d7d9c3e9c92443786ed1574f2c74b422feb20e3d974c129e2b35986dc0,False
0xf0d5eb1cbe7350f1f896ade6c172e6700414c665,yen4u,N/A,2026-06-17T22:56:40+00:00,SELL,Yes,1000.0,0.999,999.0,,0x1dd8ab8f238c244473a95e5376b96bf00379ea6477c5c25508a44c617bcad85b,False
0x71bd821b2c823cf67ed329abbb6a05d3ab9eac00,jordannnnnnnn,N/A,2026-06-17T22:55:07+00:00,SELL,Yes,20.66,0.999,20.63934,,0x5a69c402dc3821b27086305e3b6c6586d675c6f68ceccc076ebcdcd9bc7133fe,False
0x793ed200a1e8344d608a17763d9cb8773b3643bf,Letradeuur,N/A,2026-06-17T22:55:07+00:00,SELL,Yes,19.51,0.999,19.49049,,0x6f2227d9fb11a406f2251bf200257823bbd4eefc2433e1ae98797cab92b1bf59,False
0xa3c7c8c3c49427d840f7e62e46d202fae2a53e1f,compteeeee6,N/A,2026-06-17T22:55:07+00:00,SELL,Yes,20.88,0.999,20.859119999999997,,0x2e8e46f677a55be29b5980be7f8f0f1dd1ee460304e4bbf98e993dbd4da2cd4d,False
0x1987733c8beae675c544752eafe437968efe6487,jordan0073444,N/A,2026-06-17T22:55:05+00:00,SELL,Yes,20.38,0.999,20.35962,,0x8b2a77996a66ac69f49a06d1b8e445e0e6829ad3ef0f7abc66e2ed77e3f64a65,False
0xf0d5eb1cbe7350f1f896ade6c172e6700414c665,yen4u,N/A,2026-06-17T22:55:04+00:00,SELL,Yes,1000.0,0.999,999.0,,0xb8aeb6698b8c8ee772eac5a19e4f226768d54cb5e113d4c785c99c643ca9b2ec,False
0xd9c439483d51c30a816efd642d1dcf841825a723,0xd9C439483d51C30A816Efd642D1dCf841825A723-1780339038300,N/A,2026-06-17T22:52:59+00:00,BUY,No,15000.0,0.001,15.0,,0xc96ce2982e51771c38da168eae5a23bcbc15865200b2ea96f365c6f980a590bf,False
0x0a33fa80244e1e1ab627a38c5735abfd2dd43a4f,PublioCornelio,N/A,2026-06-17T22:52:44+00:00,BUY,No,791000.0,0.001,791.0,,0xf00cfc4241fef714f4bde4c71f3fc8e1b8c41b13941697b2a50f0a7681c850f6,False
0xa4005a238c381daa2c3cf6713708aaca17ccb855,Faraz123,N/A,2026-06-17T22:52:05+00:00,BUY,No,1000.0,0.001,1.0,,0xe6e0e40dd59aa33c93b7cbaa4d3a4567bcecb652372625c1269e5f76873a45f4,False
0x58820cfc9b65f8b3b87bf8a79d8c6d79b1ba55a2,0x58820cFc9b65F8b3b87bF8a79D8C6D79b1BA55a2-1774143786264,N/A,2026-06-17T22:51:55+00:00,BUY,No,60000.0,0.001,60.0,,0x6b3b7b1e1ead37d7ecd56d417e9298d7a19fa87eb0462622f9e023741ff77099,False
0xd9c439483d51c30a816efd642d1dcf841825a723,0xd9C439483d51C30A816Efd642D1dCf841825A723-1780339038300,N/A,2026-06-17T22:51:07+00:00,BUY,No,10000.0,0.001,10.0,,0xd2a76d65d4aa3d484aa5c17f78a2d508a74af902de8b73c6e00646206776a2b0,False
0x317aed6ab01ef8eddf4d4301df2ed8907aab2227,Flashbangtrader,N/A,2026-06-17T22:50:38+00:00,BUY,No,1000.0,0.001,1.0,,0x964a4a8ccea2f6ad50e0469b76d59900025667e745517a76610ae96379cc5151,False
0xb64e6e653d4d7815c0fbfc2f93bbb9245b06fec1,daniellim,N/A,2026-06-17T22:50:32+00:00,BUY,No,1000.0,0.001,1.0,,0x42d4bbf8f706e18b9e7cbcb37c1ed9be2cbc4048e704d6bba428e14f887aa484,False
0x899bbe65b2bed249f0de79106552030626967919,0x899BBe65b2BED249F0de79106552030626967919-1759941006119,N/A,2026-06-17T22:50:16+00:00,BUY,No,5000.0,0.001,5.0,,0x79823e89644f553c705cb6faacd830163c979cfb4ab6edead10553b0423f0b2a,False
0xe948e9a171352efb09e48b8f2164e4dabaacecc7,0xe948E9a171352efB09e48b8F2164E4dABaACeCc7-1763866510541,N/A,2026-06-17T22:47:34+00:00,BUY,No,1000.0,0.001,1.0,,0xf96b6f6ba4dbb1b48783b7b5b27141c00495c1d0984b1149515add061601648b,False
0x75d7a5b71c2de29318d67cc25f508120d8294a87,0x75d7a5B71C2de29318d67cC25F508120d8294A87-1769021011529,N/A,2026-06-17T22:46:17+00:00,BUY,No,1000.0,0.001,1.0,,0x4847666c05cb39ae8f79a15def1a3332818012b813bb7ed1cad76758623119bc,False
0x6bf28ae4849b9ee0ab66e7f34ea89369123afc5c,Gari,N/A,2026-06-17T22:46:11+00:00,BUY,No,1000.0,0.001,1.0,,0xc76748e3bdbffff4b293f42dad1ef184d0995fde045e75afab5eaedb767c0c8f,False
0xe948e9a171352efb09e48b8f2164e4dabaacecc7,0xe948E9a171352efB09e48b8F2164E4dABaACeCc7-1763866510541,N/A,2026-06-17T22:45:38+00:00,BUY,No,1000.0,0.001,1.0,,0x35ef4b6de630f7b26134fbdd80c2f866b20c48877aa554037f7397feb7ca4150,False
0x1c5a20ab59e58b70f89230e696bf7bc944c5c987,conjur00,N/A,2026-06-17T22:44:28+00:00,BUY,No,10000.0,0.001,10.0,,0x9a289ae32e4452d1b5d0e00637df2db8a4d369552528a48518c07887a45c954e,False
0xbc983a57a0d3bb090c8294d5e78c1ab13a143903,Ldldkdfjbf,N/A,2026-06-17T22:44:01+00:00,BUY,No,5000.0,0.001,5.0,,0xf8522cb2dacd31316c121288e4bd8a59b4fd3b00a6608db66bcbbf6bf1959559,False
0xd9585832c5810d964b261e7cfce782754cf9f864,Jolly-Movement,N/A,2026-06-17T22:43:07+00:00,BUY,No,100000.0,0.001,100.0,,0x13f71057e6e1ab9601e54513c00a551cf5513304c59c18aa9c4b58a433933bd3,False
0x4e3e7a5fd9b28301f655e361effddf55b507637c,,N/A,2026-06-17T22:41:41+00:00,BUY,No,100000.0,0.001,100.0,,0xad23f876ff24003648aa193c9e307f5237d0ecfbc58d4dec00a085863045b748,False
0xce0ceeb1d84a95e60a4a28ea19ed3efb58092945,0xcE0cEEb1D84A95e60A4a28Ea19eD3EfB58092945-1767950962360,N/A,2026-06-17T22:40:29+00:00,BUY,No,6000.0,0.001,6.0,,0xe6033324cad03e99e8e690da6566782fbe657e7c6f2f6303d040c4119d7d6347,False
0x8fd31eada76c5c93b206b7f38d33fd9bfde025d4,6e1d9e67af28,N/A,2026-06-17T22:37:50+00:00,BUY,No,1000.0,0.001,1.0,,0x39acdd3fd47deca484f93c3bfd9b0b0de96c7e05ba9114d21eb7d0e2a0f6a84a,False
0x55e2436d747835c7e40b0c6cf92f632bf1215fc9,Rhabarberbarbarbar,N/A,2026-06-17T22:37:35+00:00,SELL,Yes,10000.0,0.999,9990.0,,0xa7ce1712949db9fc363fec2ec64992d001708e95fe13065e43082642b0b86605,False
0x3b01eb02b73826e28308e2bd951fff0101512026,GypSea1,N/A,2026-06-17T22:35:35+00:00,BUY,No,29300.0,0.001,29.3,,0xc896c0ab1ba30423bafc626482c193a1da426d5d0e02acbcc9b553d79d020c43,False
0x3e01993deb990a29676b218f11e0d7d19d9bd120,0x3e01993DEB990a29676B218F11E0d7d19d9BD120-1781205025629,N/A,2026-06-17T22:35:29+00:00,BUY,No,5000.0,0.001,5.0,,0x117a891c936a21b3b3020ba20e0e0d589b54a6f04fbe15799c406edbe250ead8,False
0x426ad8df074058e04606afbe4234747e83471376,,N/A,2026-06-17T22:33:20+00:00,SELL,Yes,0.2,0.999,0.1998,,0x9ba861b397ad1b2fd083bafeb9e11b99508623cb9c3bb2365247fe44ef9bcb3a,False
0xca165e655b0506ee83678157ea12bf62a450f878,mr.fig,N/A,2026-06-17T22:33:08+00:00,SELL,Yes,381.0,0.999,380.61899999999997,,0x1e1852e3c9a988ec68e20b7b1455efb8c42b09973077f6e6806f7212c74350d1,False
0xf8c541e5189df04f37cfdc0bd01206902b576c17,0xf8c541e5189DF04f37Cfdc0bD01206902B576C17-1781735120075,N/A,2026-06-17T22:32:23+00:00,BUY,No,1000.0,0.001,1.0,,0x3521e2b215f10fbb4e11a5704ea13915aa69799958c14c22c0a544087118ec07,False
0xd9585832c5810d964b261e7cfce782754cf9f864,Jolly-Movement,N/A,2026-06-17T22:31:52+00:00,BUY,No,105000.0,0.001,105.0,,0xc20fe45a2beabfcd761a2b0fea55d3024d6cdbb75371c44ee355dd46d3236214,False
0x238de3cf57d437768508d5336500624d911d6e99,MoneyCraft,N/A,2026-06-17T22:31:14+00:00,BUY,No,1000.0,0.001,1.0,,0x70e59648d28129e67c813f0be3e35007bd3f93d14f0364a855044aaf7d1ae2d0,False
0x815d651968edac636efd5055801f66b973bd8648,0x815d651968eDac636EfD5055801f66b973BD8648-1772752911342,N/A,2026-06-17T22:30:59+00:00,BUY,No,10000.0,0.001,10.0,,0x082586aa26f4aadc8ef6f51a1a5a3db737520c6f1505850efd9429f2f62cbc8f,False
0x238de3cf57d437768508d5336500624d911d6e99,MoneyCraft,N/A,2026-06-17T22:30:52+00:00,BUY,No,1000.0,0.001,1.0,,0x10e9f4226711851a007715a0e0040f13acc091d947e7d336413c3ca964028d69,False
0xe143e2acc4768d3a766e79e2779ff4457a527823,armaged0n,N/A,2026-06-17T22:29:49+00:00,BUY,No,10000.0,0.001,10.0,,0xbf306c04ed159663546656bc43974157699a009937580c9c28eb63ed87b320dd,False
0x5db3cc628c2661b3370324d458df4a1b293ee754,0x5db3Cc628C2661b3370324D458DF4a1B293Ee754-1778179455589,N/A,2026-06-17T22:29:13+00:00,BUY,No,10000.0,0.001,10.0,,0xb527c9ba4562a2030161f86a740457c105ff8231b9e37012ed376ecba2ffddcb,False
0xd9b9de38b5af0367f350b0f24ad5f48404e903b8,0xD9B9de38B5Af0367F350b0f24AD5F48404e903B8-1764226192402,N/A,2026-06-17T22:28:14+00:00,BUY,No,29000.0,0.001,29.0,,0x09239b8f1bf828b38cfb74cf152c01ca4ee92a3c131746da6c733afdcec46049,False
0x93a93d84d44270b5b86dad5c28eff367a7d70b88,,N/A,2026-06-17T22:28:10+00:00,SELL,Yes,5000.0,0.999,4995.0,,0x3e2292ec6dd2715421652c4428ea5f51b18e67ba9f812bd224795b50de72fe47,False
0xc3f626da3c2ed51ce36168047d437aede190060f,trader-c3f626da,N/A,2026-06-17T22:27:20+00:00,SELL,Yes,0.4,0.999,0.3996,,0xf8b4dc6fafabd4c6a8fe45b310eb4e8d15748d89451574ba122537ef6070765f,False
0x401ee31e9ebf9ab9f6315cd95faca5f950436fc9,Lolakis,N/A,2026-06-17T22:27:20+00:00,SELL,Yes,1000.0,0.999,999.0,,0xc5026d7ca188ac9f0ee9d2a971ff60cc2133166e4604bd40531e240476183c64,False
0xda3402f762760c8aa7fcdb8f54faaa3190489a0b,ellatrades,N/A,2026-06-17T22:27:07+00:00,BUY,No,25000.0,0.001,25.0,,0x012a31adb4391d49bb8173b497a87f5616b7666a0ed0e917c636a0041a91c9a8,False
0x1c065b2bb43c9f777d7f9fbc6deff76ef4a1c338,0x1c065b,N/A,2026-06-17T22:25:46+00:00,BUY,No,5000.0,0.001,5.0,,0x7b99cf9736a332284a246b60d6e1589825cb787bf0ddd341c2b8210a9b87940e,False
0x1c065b2bb43c9f777d7f9fbc6deff76ef4a1c338,0x1c065b,N/A,2026-06-17T22:25:31+00:00,BUY,No,5000.0,0.001,5.0,,0x26c47a68e5add410593eff4cc1d15f7c68f3ed4790b8062a553234924f544491,False
0x9cb98fc57fe8a3bdf75c3b48bd419e5d262f7b80,Giorgio2,N/A,2026-06-17T22:25:22+00:00,SELL,Yes,1000.17,0.999,999.1698299999999,,0x5474bc60946d5ec97506de0172d1f0757a5f36794c49e8b2ba44d55e523e161a,False
0xb483d5718da4ac6f2aa39dc933f2043c5a3a0880,Jordannnnnnn,N/A,2026-06-17T22:25:14+00:00,SELL,Yes,20.16,0.999,20.13984,,0x3204fdcc52216f3ba01fb6986f17077dfdb1cabcf17553f31909078cf39e55e4,False
0x615346ac3277f46c5282bd7eb20fc496d55144ab,clem913,N/A,2026-06-17T22:25:14+00:00,SELL,Yes,29.76,0.999,29.730240000000002,,0x46ea39351183539ec115c2c843325406adaa7d72f823454c1c7194941ee166b9,False
0x144e019d576f112fa767cc77240b98a7f31e5e08,newstrat,N/A,2026-06-17T22:25:13+00:00,SELL,Yes,20.37,0.999,20.34963,,0x794b26495216fe3b011166d7264fd8eb38f876641e82517325349e398da935fc,False
0x5a892cefe9c01ed049d8e5193136abaf5808c186,cestledeuxieme,N/A,2026-06-17T22:25:13+00:00,SELL,Yes,20.53,0.999,20.50947,,0xcc5d0b90ebe18f0a9b2b36f73d9b78ef29e0d5a9e26b73f30f0f856d463fabe4,False
0xd5906fdc94052db6949963748e2728b740415eee,thebloodangel,N/A,2026-06-17T22:25:11+00:00,BUY,No,50000.0,0.001,50.0,,0x28e5d19db7b35875b8cc83db43efeb214277ee8a7a87d3d781c4611813252abd,False
0x25257a6a89dba93dd0c536b6279365632a4eb919,Trading4Fridge,N/A,2026-06-17T22:22:55+00:00,SELL,Yes,5789.42,0.999,5783.63058,,0x01e6c42c0f68848b5e99468d1acecd78d2444fefece5afc8b1268c55f4cf6934,False
0x56ad6bd05999e0f33ea9c05a48ccb1364a46f13e,Mpire1,N/A,2026-06-17T22:22:31+00:00,BUY,No,5800.0,0.001,5.8,,0x8d5d55f8807c0436a8b88c99f4c1a97f1bd8d66d2211fba26eb56fb3b1617a61,False
0x8c7836b270daf59bce721087f41ef10684a413ed,BetterHold,N/A,2026-06-17T22:21:41+00:00,BUY,No,20000.0,0.001,20.0,,0x6152823a73b94052af1eb5e94ad40dee3b3c933011366caa3ddb13b452d6ffb8,False
0x85b68da6308429a8132222c14caa0ff4faf5d7ad,MR.MK,N/A,2026-06-17T22:21:11+00:00,BUY,No,60000.0,0.001,60.0,,0xbaaf865e12ec332a1dd5c74908f00bac127d65c03ea5ba516e3d2e90d4a545b3,False
0x7bc14171ccb0d3e6bac219ec6a76211826e28db4,coali10,N/A,2026-06-17T22:20:53+00:00,SELL,Yes,29000.0,0.999,28971.0,,0x4f93878f31cd09f03475b329d76f16db9216a09b8f7b36dec9a663a8178b82df,False
0x8823a1d3ed496687b5197bade50624b010fe8c77,0x8823a1d3ed496687B5197bADe50624B010fe8c77-1779539095549,N/A,2026-06-17T22:20:49+00:00,BUY,No,1500.0,0.001,1.5,,0x36c187e7eed2a97fa465eb463d0c98ab60fad4ba01324270489e1c01d776dc4b,False
0xda3402f762760c8aa7fcdb8f54faaa3190489a0b,ellatrades,N/A,2026-06-17T22:20:13+00:00,BUY,No,11000.0,0.001,11.0,,0x00580ea61c36d2b3b026a01e018e886699a85aafa03d37df13b535e0a313f8ea,False
0x2b0a4b174a2216e1a01b2b7b3e17bc0d7ea75315,Prodigy3434,N/A,2026-06-17T22:19:04+00:00,BUY,No,1000.0,0.001,1.0,,0x99fdea6e6cda3ae60b9a95f0b294f50f9277d87300a8d9b655d65fa40bef1826,False
0x93a93d84d44270b5b86dad5c28eff367a7d70b88,,N/A,2026-06-17T22:17:37+00:00,SELL,Yes,2000.0,0.999,1998.0,,0x4c7f1517fe3ea22af366a037aca5b56ef9b80deb1563ac528d487e53fd329d7d,False
0x6bb45fd6da3190b2d870671aaec2fcf208e75740,0x6bb45Fd6dA3190B2d870671AAeC2fCF208E75740-1771369175658,N/A,2026-06-17T22:16:28+00:00,BUY,No,13000.0,0.001,13.0,,0xc1684a4bd22d0010df83d45ec5a22849a6af2120fd899d50c643483606731382,False
0x5d05e19f6c8f9f5068e0cc36b343d8fe5651fbe6,alannn7,N/A,2026-06-17T22:15:58+00:00,BUY,No,1000.0,0.001,1.0,,0x91a11d4f9841ddedfaa146f495104ec35345a10636b580e49647b16e0d66a9ee,False
0x44a8894d72cbd1d4c14f8fb437816720284fa9f4,0x44a8894d72cBd1D4c14F8fB437816720284FA9F4-1781734140995,N/A,2026-06-17T22:15:37+00:00,BUY,No,13000.0,0.001,13.0,,0x3d78ac52fb4ac5c6a11d249dd1307ab5b38375593a96d55e2a86011a854579b6,False
0x259172491945c0bc4222c9e58f4a69e24b7db7c1,0x259172491945c0Bc4222C9e58f4a69e24B7dB7C1-1776679093376,N/A,2026-06-17T22:15:29+00:00,BUY,No,1000.0,0.001,1.0,,0xe29c088539452330d53029465dc1add0b31eb6171c0e13262e108d3c50c4bcb9,False
0xd4d69cc1822a6cda14fad66e413fdfc853fed103,Pumpun,N/A,2026-06-17T22:15:20+00:00,BUY,No,64460.0,0.001,64.46000000000001,,0x35f8cce6143b9883c75af8b4974a2832c034bf8de64508ba92e39bddc7542e39,False
0xc8810c9bcbb8a013809151999caa5544c5d4e370,RogerTheAlien,N/A,2026-06-17T22:13:49+00:00,BUY,No,1000.0,0.001,1.0,,0x4b4e3fb887131efc29812c1ad38723c30f3bf0e8ca4d29ca395447ba838df2e9,False
0x772c1e4ef590e6ad9a2ef9e1323b65f121b22cf9,Americanumbaone,N/A,2026-06-17T22:13:14+00:00,BUY,No,7480.0,0.001,7.48,,0x94020f3415cf5d10e76eaa03757f3f1549950816455ac0d67c13487161b1ccea,False
0x1da25d4917afe7bef613ca436368ca1528269030,Makmurrow,N/A,2026-06-17T22:12:50+00:00,BUY,No,1330.0,0.001,1.33,,0xdd128785704ed61b6df4b4e24985f3fdb230c6cd41b043d311436a4b494bf187,False
0x3a39627cb1c709e71d441b34a5c313445455fd6a,fabulouslymystified483,N/A,2026-06-17T22:12:46+00:00,BUY,No,1000.0,0.001,1.0,,0x8be490db2cca3657c70351aaa62b29b40471bb24ab89509e3ab92c9e3245ad1b,False
0xf0d5eb1cbe7350f1f896ade6c172e6700414c665,yen4u,N/A,2026-06-17T22:11:59+00:00,SELL,Yes,2000.0,0.999,1998.0,,0x6bc917bbaa66d92b8d3b16c97141386a727be49f35b519e01830434e6ab66d61,False
0xe5725158d70ab29a9be1556fb1c50ae053776fbe,0xE5725158d70aB29a9BE1556fB1c50aE053776FbE-1781555538191,N/A,2026-06-17T22:11:58+00:00,BUY,No,4990.0,0.001,4.99,,0xe3476fff59dab4a42ae61ab2e4aa453dd3586f558f64b1f9a026bd41a4c801e1,False
0x0778f4285f5b21cb4b8ab69be7ec4dac38a04399,0x0778f4285f5b21CB4B8aB69bE7ec4DAc38A04399-1776146597429,N/A,2026-06-17T22:11:34+00:00,SELL,Yes,1500.0,0.999,1498.5,,0xfca1870b556db0511f3f642115bda332bcb928a8c4c285219e173c30169d352a,False
0xf0d5eb1cbe7350f1f896ade6c172e6700414c665,yen4u,N/A,2026-06-17T22:11:04+00:00,SELL,Yes,1000.0,0.999,999.0,,0x7f409b359e69f5d0e21637842aa6e370f70a06461cc96aebf433ed43b0c831d3,False
0x009983e518edb011dd118470ee533f7c3863386e,LearnSlowly111,N/A,2026-06-17T22:10:52+00:00,SELL,Yes,1193.33,0.999,1192.1366699999999,,0xb56b98338e1ebc6bfd4b005135bd7fb56f6daf3e7f12aa15b830910d840597cc,False
0xbfcbf217b6c71ef8575292bce429d2287eefbf85,scarqueijo,N/A,2026-06-17T22:09:49+00:00,BUY,No,1000.0,0.001,1.0,,0x4afcf10730b140a34dd9083ea36fd18524aa4e6ba45814e65a2c640b20f0d2a4,False
0xa3c7c8c3c49427d840f7e62e46d202fae2a53e1f,compteeeee6,N/A,2026-06-17T22:09:40+00:00,SELL,Yes,20.32,0.999,20.29968,,0x6e73ff43b8fb903f42dc527589b20728610dacebb8e2da30f0d0b3c6f7f1dbb6,False
0x71bd821b2c823cf67ed329abbb6a05d3ab9eac00,jordannnnnnnn,N/A,2026-06-17T22:09:40+00:00,SELL,Yes,20.66,0.999,20.63934,,0x3d95abea5c405755bfc5cbc538132e523c365305a87e145da039634e2af61cd2,False
0x1987733c8beae675c544752eafe437968efe6487,jordan0073444,N/A,2026-06-17T22:09:40+00:00,SELL,Yes,20.38,0.999,20.35962,,0x14507bc2b300df5f858bf6f7e53f6f83788400635eef2fad5a9e1a800d7bc7c5,False
0x01b79c744771a6b9498869e54420e20a835b766a,0x01b79C744771A6b9498869E54420E20A835B766A-1772826652688,N/A,2026-06-17T22:09:37+00:00,BUY,No,87000.0,0.001,87.0,,0x5d0b4e4bf8a27bd7f3b3533e1d1e8212acc14bb1ea05da4a133be917979db857,False
0x01b79c744771a6b9498869e54420e20a835b766a,0x01b79C744771A6b9498869E54420E20A835B766A-1772826652688,N/A,2026-06-17T22:09:13+00:00,BUY,No,10000.0,0.001,10.0,,0x7a8b95e01333acf434eb4dfad8f96d015e3be7320d04ccf4787895de645f461a,False
0xd4d69cc1822a6cda14fad66e413fdfc853fed103,Pumpun,N/A,2026-06-17T22:07:59+00:00,BUY,No,63230.0,0.001,63.230000000000004,,0xc1475d8c0faaa67fc8e9fc295f7d1ab2411e75cdd3bb2a1f84759cc33acf3155,False
0xf7feae51e3590c2ddbd88ab77204c43fd22c07cf,0xf7feaE51e3590C2ddbD88AB77204C43fd22C07Cf-1773690235973,N/A,2026-06-17T22:07:11+00:00,BUY,No,1000.0,0.001,1.0,,0xb8c372384425f39d50764df71139120252b71fe67efdb530639b66e5b1167cd3,False
0xcbbe38db55fbbd0444c42475726319b2f1ca763e,lefroid,N/A,2026-06-17T22:07:11+00:00,BUY,No,80000.0,0.001,80.0,,0x5d5e540364697401172346c6cbb27cfa4a028bdb649822a3d1382083c1e10940,False
0xcdae0762e8281e6fb40bd14b0d69471d6a0dc02e,Plunder,N/A,2026-06-17T22:06:55+00:00,BUY,No,5000.0,0.001,5.0,,0x577ac2e0231a942a71e491a14eaeda3dc66c77df2210476927a23157324be6d2,False
0xcdae0762e8281e6fb40bd14b0d69471d6a0dc02e,Plunder,N/A,2026-06-17T22:06:26+00:00,BUY,No,5000.0,0.001,5.0,,0x8e096b2df586e2ce34f85d049df7ba5d864a4b265103f294cef072ac52c7df55,False
0x01b79c744771a6b9498869e54420e20a835b766a,0x01b79C744771A6b9498869E54420E20A835B766A-1772826652688,N/A,2026-06-17T22:06:25+00:00,BUY,No,10000.0,0.001,10.0,,0x2a7db454660c4ebed8a0f52d77aa94455060a39de2bf8be7461ed629fa353d55,False
0xf7feae51e3590c2ddbd88ab77204c43fd22c07cf,0xf7feaE51e3590C2ddbD88AB77204C43fd22C07Cf-1773690235973,N/A,2026-06-17T22:05:44+00:00,BUY,No,1000.0,0.001,1.0,,0x18c6329ded2e00e782945c29b98afdf7d30e6f11133ef79a0b41ec57e6b14626,False
0xf7feae51e3590c2ddbd88ab77204c43fd22c07cf,0xf7feaE51e3590C2ddbD88AB77204C43fd22C07Cf-1773690235973,N/A,2026-06-17T22:05:22+00:00,BUY,No,1000.0,0.001,1.0,,0x3fe6c97121bae7fd232ffb9ebb1dfef82749cc4e475b028cded03985acd6e9ae,False
0xbc983a57a0d3bb090c8294d5e78c1ab13a143903,Ldldkdfjbf,N/A,2026-06-17T22:03:37+00:00,BUY,No,15000.0,0.001,15.0,,0x5e80c0159ae8aeb102852f0c41dfd779270d74e1cbb23ea2e52accccf969c187,False
0x027c68f8a5c808a8bef42de046ab1e4438ee1175,0x027C68f8a5c808A8BEF42dE046AB1e4438eE1175-1781210943292,N/A,2026-06-17T22:03:23+00:00,BUY,No,1200.0,0.001,1.2,,0x31dd7b01adc6e1c138d9e2552b24d5ef93f443827ccb964f9b745d309a6f628c,False
0xf0d5eb1cbe7350f1f896ade6c172e6700414c665,yen4u,N/A,2026-06-17T22:02:50+00:00,SELL,Yes,1000.0,0.999,999.0,,0xe9e7a567da7a565876a595f7cd1052ddc2bb94c5d342f3d5cd9a080cbf51e3c9,False
0xd902d85156fe7b309c12299375c00d86ea83cdb9,Shovelface,N/A,2026-06-17T22:02:34+00:00,BUY,No,400000.0,0.001,400.0,,0xca6433c69b68677ce987bc15752cb7e22c5b9b0bd898524f7a2502e5ca544222,False
0x500482d0377824e57b79cd9e8f1e63c6c2bd7f34,daytonasptre,N/A,2026-06-17T22:00:20+00:00,BUY,No,3190.0,0.001,3.19,,0x151efc9446519ac7d527c63c95cc18d6dcce80a0b142728ae190b065bc9ac1f6,False
0x72e2c237e76b4ffada94ff347cdad511559b6610,Hoch,N/A,2026-06-17T21:57:58+00:00,SELL,Yes,5040.32,0.999,5035.27968,,0xf963865ed8ccf35b8c436a312457beef293f3f62cf1dc4817dc3177de1d76f4e,False
0x33171d026b93dd3c569da61c026c77ed89da4721,Testing91,N/A,2026-06-17T21:57:29+00:00,SELL,Yes,2.53,0.999,2.5274699999999997,,0xa68a560353bd2dcc89ea2078d2d9b1ab5c4a05828f272a2ac14a55d7fecf37ef,False
0x0e634a0f50588700518ced11e7a5498954480262,pevaristo,N/A,2026-06-17T21:57:07+00:00,BUY,No,1000.0,0.001,1.0,,0x9fea74a366f10c068fb738534fa6908a982edf46e187fa6a28a7e622676f2e94,False
0x166d56ca8245af6e07a1d1b374f9e9504af5e076,0x166D56ca8245af6e07a1d1b374f9E9504aF5E076-1781464954426,N/A,2026-06-17T21:56:22+00:00,BUY,No,100000.0,0.001,100.0,,0x565d20edf79c63bc021e0ffbbf8ba6a0ee450c351daf6cbb27cf78c03374c983,False
0x8ebfdc251c6c378d4a3a54a8f15cebfa4b9183ce,Ordon,N/A,2026-06-17T21:54:44+00:00,SELL,Yes,1000.0,0.999,999.0,,0x0ec2838dab428edb9c49a73589ba5a7f5f2a0708d299b5e4a3fbff9caca07012,False
0x4d9d7f303dde919abc0bd299bbb3b2ef9e29eabf,b79,N/A,2026-06-17T21:54:32+00:00,SELL,Yes,3.99,0.999,3.9860100000000003,,0xada8c79bce67e4efd04f7ec27deaa67794e3ae697827df8eacdb0e851718c4a1,False
0xd4ed877a69d4fb8f9979cfa21c7008d0423ecf57,UGARAL,N/A,2026-06-17T21:52:20+00:00,BUY,No,2000.0,0.001,2.0,,0x7e495f7a07b6a3e62021350eec1ab19f64600d181d88be2fe271f2e7ed5c6464,False
0xa42d3d08f93360696e36a117e6d6c1b4d7a586c7,0xa42d3d08F93360696E36A117E6D6C1B4d7A586c7-1781199764660,N/A,2026-06-17T21:52:14+00:00,BUY,No,21000.0,0.001,21.0,,0xb4da8661feb127a4fd566af539d9c6c4fb27069d30ee2edb82391458732c1d87,False
0xf0d5eb1cbe7350f1f896ade6c172e6700414c665,yen4u,N/A,2026-06-17T21:51:35+00:00,SELL,Yes,300.0,0.999,299.7,,0xc09a1b6691db768b6c37a811eaf2e544bfeba49e651a3ad837a66b871ee87aa2,False
0xda3402f762760c8aa7fcdb8f54faaa3190489a0b,ellatrades,N/A,2026-06-17T21:51:29+00:00,BUY,No,20000.0,0.001,20.0,,0x6283eaf18fd4d394011878bf2bfa951f9d37824617acb0e05cab79328d3cbe2c,False
0xf2384ea0fd45fa075100a8f9bf585e91f121c3ba,Chun.Bill,N/A,2026-06-17T21:51:16+00:00,BUY,No,9760.0,0.001,9.76,,0x90bd8cd4b920c09b00dbeaa222af30fce538e001771b3ea862520fac97c46c29,False
0x55e2436d747835c7e40b0c6cf92f632bf1215fc9,Rhabarberbarbarbar,N/A,2026-06-17T21:50:22+00:00,SELL,Yes,6666.0,0.999,6659.334,,0x694fcdd0e0c6477091d04a4a9efb869a025888e3b04d40a44f2c30531354056b,False
0x4ae0984c5eeb3b94a83ed130d2b37a23bb45525e,99bot,N/A,2026-06-17T21:48:17+00:00,BUY,No,1500.0,0.001,1.5,,0x4d8fa2b80d6aeff99a639d34ce23c02099f46653216a782eb2f3ceedfde9aaa5,False
0x874b3df9b72526541f4c81b04e2db1aaf2e2fa1d,0x874b3df9B72526541F4C81B04E2DB1AAF2e2fa1D-1772235673020,N/A,2026-06-17T21:47:11+00:00,BUY,No,3000.0,0.001,3.0,,0x86b16f2988f4ab1966a2a2303fd22c3758626d6c7b0e9538c94e2fb04454fae1,False
0x9fb781cc849e1fea68c17318c0bfa34c4c35f7d0,wanderer85,N/A,2026-06-17T21:44:50+00:00,BUY,No,10000.0,0.001,10.0,,0x92ce1da15a2a5a7fcf4b27ca1701e90ef54dbfb93a0fb19d13c753c14cc08b7e,False
0xf28fe54027fb3ef6a27b3989d360f002796a841a,marki01,N/A,2026-06-17T21:44:41+00:00,SELL,Yes,55.33,0.999,55.27467,,0x590a917eca8fb7bbeb66b358e6174661fcc6d4e224692f666cc3a75b829b16c2,False
0x793ed200a1e8344d608a17763d9cb8773b3643bf,Letradeuur,N/A,2026-06-17T21:43:22+00:00,SELL,Yes,20.42,0.999,20.39958,,0xe4e17849e8fe1b43e270da59832093eed14cf1eff0f925379b1655b232701f08,False
0x4ae9b901f5c354b4b2a90cd0a12ea3c5af70a952,ac3sc,N/A,2026-06-17T21:43:01+00:00,BUY,No,6000.0,0.001,6.0,,0xa58747a5df8ee5ecacdc8401ea3b7cdc849c79a2e64cf20679f81d81c01afd99,False
0x908af874fc2912e48c866b94061e25bfdd43560b,saurav.pakur,N/A,2026-06-17T21:42:46+00:00,BUY,No,5000.0,0.001,5.0,,0xf36481f4675aabbd2946d557deb5ed811e2b687a0ce02032e87b3fb38c683ee6,False
0x93a93d84d44270b5b86dad5c28eff367a7d70b88,,N/A,2026-06-17T21:41:22+00:00,SELL,Yes,1000.0,0.999,999.0,,0x0f3cc7ada30623a4c74cb20198297197772cdb87dc002b8859ae4f0abf56b31c,False
0xda3402f762760c8aa7fcdb8f54faaa3190489a0b,ellatrades,N/A,2026-06-17T21:40:47+00:00,BUY,No,25000.0,0.001,25.0,,0xdee51b93d33543175fca42633be2728da16d5f75670afd2deaf1a28d3f7ad6e8,False
0x64a993aa3e789e000e690f7beb8e28d113627311,007x007,N/A,2026-06-17T21:40:19+00:00,BUY,No,5000.0,0.001,5.0,,0xc17894597f18f31eb61af9c1dd60cea8039340213a908afe676f29b0ebf0c925,False
0x680a895214d3b8e98657001d35df3e8608970a15,Fciaf42,N/A,2026-06-17T21:38:40+00:00,SELL,Yes,75.53,0.999,75.45447,,0xf93a700abbeb0faa82e6df719d616b5e5f9b190f7e52e35cf1d553c534656f22,False
0x93a93d84d44270b5b86dad5c28eff367a7d70b88,,N/A,2026-06-17T21:38:23+00:00,SELL,Yes,1000.0,0.999,999.0,,0xf80cb422dcfee61dbd79ec45bdd6744cfafe6e37403c40fd8e1dd7f24b6743e0,False
0x9fb781cc849e1fea68c17318c0bfa34c4c35f7d0,wanderer85,N/A,2026-06-17T21:36:41+00:00,BUY,No,10000.0,0.001,10.0,,0xa16a86243cff281e6c37e087a62509ce3d64bbfb7a46fea0629f709f5873d3f5,False
0xdba7a1ef598e3c10782a04f4ced3a7331af5206f,MoneyComesToMeEasly,N/A,2026-06-17T21:34:07+00:00,BUY,No,16000.0,0.001,16.0,,0x09d34c2a7af52128bf6e18516efc43a8a9e56dfc3f9f0a54747ca91dc462ac60,False
0x8fb00ff985b6d3bd83708b403cc1af8ca5f77972,republikan,N/A,2026-06-17T21:33:38+00:00,BUY,No,10000.0,0.001,10.0,,0x99e5ade469e3a1ac1f2012707c8f66619eb29e96fef3e394849bfd9b79fc2b53,False
0x059c5767fce9e927a3e8ace1b6e2e2a76fed7469,oshiri000,N/A,2026-06-17T21:33:37+00:00,BUY,No,1100.0,0.001,1.1,,0xea97864536da33abd1d2ce084ec3fecc5a58dde6b23dd8abff35293ef656515e,False
0x9fb781cc849e1fea68c17318c0bfa34c4c35f7d0,wanderer85,N/A,2026-06-17T21:33:35+00:00,BUY,No,1000.0,0.001,1.0,,0xfe13ebdc993d867288d50bf7ad1f8ee42f71ddac8a5508049a1a52690a91dcdc,False
0xc26345e2465bf00be68a735ca59acd4ff3e16c0a,,N/A,2026-06-17T21:33:07+00:00,SELL,Yes,5.02,0.999,5.0149799999999995,,0x2f51badabf9dde5cb7fd963ef00653f6955149b861fbfb69b512cd004e583074,False
